3092 4942
268 362 343 434 410
711 342 921 462 anensem

272 505 399 578 ‘'nnetm
425 523 493 578 aurei
524 524 551 577 et
577 521 688 576 coccinei
716 520 797 594 pricos
828 523 953 580 fossatam
982 522 1074 577 dictam
1101 524 1118 576 e
1141 523 1212 576 t'ossa
1234 519 1363 590 significat

301 595 345 664 qni
363 603 466 663 gerant,
483 593 514 646 ad
532 609 640 645 mensam
658 593 685 648 in
696 595 797 648 nativit.
864 602 947 648 castre
962 595 1039 647 fossis
1064 592 1159 645 munita
1182 591 1242 646 244.
1263 593 1361 643 exerci-

302 664 362 732 imp.
380 665 445 716 bene
462 669 597 732 precantur
613 663 663 728 55,
682 667 722 720 15.
863 671 915 717 tom
933 665 1014 734 ipsum
1032 664 1094 716 ihid.
1114 669 1224 730 atquae
1240 661 1360 712 indede-

267 730 407 784 flammeum
456 731 598 783 atriarchae
622 748 667 783 seu
697 738 798 800 tegmen
864 733 989 786 ducuntur
1007 733 1042 784 ih.
1059 730 1085 782 in
1102 731 1198 783 fossato
1214 734 1291 796 caput
1306 737 1361 780 tar-

303 801 394 870 capitis
412 751 494 852 aldum
512 807 577 866 crat,
597 807 655 868 poet
667 817 728 852 auro
741 801 799 852 illn-
865 819 921 854 mae
937 801 1117 871 imperatoriae
1133 805 1173 850 est
1189 815 1296 866 magnus
1307 799 1362 866 pri-

302 877 408 922 stratnm
431 875 459 922 et
478 868 628 938 imaginihus
651 875 798 922 exornatum
865 871 983 924 micetius
1011 872 1063 937 33,
1089 867 1131 924 14.
1162 869 1253 920 fossati
1283 874 1362 918 totana

304 940 364 992 368.
865 945 943 1009 caput
960 943 999 992 est
1025 953 1130 1006 magnus
1152 935 1304 988 domesticus
1318 937 1362 999 28,

268 1006 431 1062 flammularis
440 1005 531 1076 dictus,
538 1006 582 1078 qni
594 1006 712 1078 gestabat
725 1005 800 1060 flam·
865 1011 907 1063 13.
927 1010 975 1073 83,
991 1011 1016 1062 7.
1033 1009 1060 1060 in
1079 1023 1110 1058 eo
1125 1007 1208 1057 iocum
1218 1011 1291 1056 tenet
1301 1001 1363 1072 imp.

305 1076 395 1126 mulum
412 1077 472 1130 283.
865 1077 976 1131 absentis
991 1077 1026 1130 ih.
1040 1076 1164 1128 stationes
1176 1073 1295 1142 disponit,
1307 1073 1364 1124 obit

268 1143 419 1197 flammulam
443 1159 519 1198 annm
541 1144 680 1198 alterumve
703 1143 729 1196 in
752 1161 800 1196 ex·
865 1164 920 1200 cum
937 1145 1093 1198 adnomieste
1112 1145 1158 1204 85,
1186 1148 1210 1197 1.
1223 1147 1250 1198 9.
1260 1141 1290 1192 in
1307 1142 1364 1192 sos·

302 1213 431 1287 peditione
452 1229 497 1265 seu
521 1212 635 1266 exercitu
659 1215 736 1266 habat
751 1213 800 1263 int-
864 1223 922 1268 sato
939 1215 1062 1283 quomodo
1084 1213 1188 1266 diurnae
1209 1216 1361 1262 nocturnae-

301 1289 406 1352 perator
429 1281 477 1348 48,
502 1282 544 1336 14.
566 1281 695 1351 proprium
724 1281 802 1334 habet
866 1300 917 1353 que
939 1284 1044 1352 vigiliae
1065 1281 1251 1336 constituantur
1268 1278 1318 1342 84,
1335 1277 1362 1334 5.

301 1349 611 1473 ιιιῗςιιυιὲἔίωἰοόειίυιάἰιι
625 1357 706 1433 tprma
718 1350 800 1432 impc-
864 1354 1076 1475 sopsptunpbt‘pvps
1099 1351 1118 1404 i.
1134 1349 1200 1402 levis
1218 1357 1362 1400 armaturae

270 1435 395 1473 'saona
516 1438 568 1472 ‚ee
622 1437 647 1470 ιιι
667 1435 800 1470 excursso-
864 1438 943 1474 mare
970 1441 1033 1474 ιι.
1068 1460 1076 1475 .

300 1505 348 1540 nes
364 1458 475 1556 iaciunt,
493 1437 621 1557 proprinrdl
637 1505 687 1540 non
703 1488 800 1540 habent
832 1489 925 1543 Franci
935 1439 1094 1561 appellantur
1105 1489 1257 1540 Gennenses
1269 1483 1361 1536 etVe·

300 1557 349 1623 32,
374 1559 414 1610 12.
440 1556 523 1608 unicui
542 1573 574 1608 ne
596 1556 642 1608 det
664 1557 746 1610 locum
770 1556 799 1608 in
865 1559 918 1612 neti
945 1565 996 1621 76,
1019 1563 1045 1614 7.
1075 1560 1125 1610 imo
1150 1556 1228 1608 etiam
1248 1551 1306 1606 Itali
1331 1557 1361 1607 et

300 1627 399 1678 fossato
423 1574 679 1692 megadomesticus
701 1627 748 1690 84,
771 1628 798 1683 3.
864 1628 944 1680 Siculi
959 1631 1018 1685 330.
1040 1629 1198 1680 Francorum
1220 1614 1360 1691 stipendia-

301 1694 348 1746 aed
362 1709 496 1775 procerum
506 1697 567 1745 ente
576 1693 735 1764 imperatoris
747 1711 797 1746 non
863 1698 955 1749 moram
971 1701 1011 1749 est
1024 1702 1100 1766 caput
1110 1711 1194 1764 magn.
1211 1696 1361 1745 contostan·

301 1762 461 1831 explicantur
491 1764 541 1830 83,
575 1763 615 1818 15.
644 1763 798 1816 flammulam
863 1766 902 1818 lue
918 1767 965 1829 33,
984 1765 1026 1821 18.
1284 1814 1294 1821 .

299 1831 371 1884 varie
389 1831 482 1884 dictum
493 1838 519 1884 ct
529 1831 650 1900 scriptum
666 1835 726 1886 282.
736 1833 797 1887 283.
828 1831 1018 1904 Francopulus‚
1045 1829 1225 1904 Turoopuins‚
1252 1827 1360 1881 archoa-

198 1943 200 1947 ,
299 1917 351 1952 ιιοιι
375 1907 415 1952 est
436 1900 503 1952 idem
530 1901 597 1970 quod
622 1900 797 1965 flammeolum,
863 1904 965 1972 topulns
983 1911 1031 1956 cto.
1048 1903 1113 1954 haec
1123 1897 1267 1953 terminatio
1279 1895 1359 1947 inter-

268 1989 271 1996 ·
296 1985 345 2021 aec
379 1969 494 2020 labarum
529 1971 589 2023 283.
621 1975 663 2022 aet
688 1970 797 2023 mititare
863 1973 972 2024 domnii
996 1971 1138 2042 sigrdficat‚
1162 1967 1286 2021 interdum
1310 1964 1357 2016 mi-

298 2039 397 2106 aignnm
421 2036 488 2090 domi
510 2037 620 2106 bellique
643 2039 702 2108 imp.
720 2053 797 2110 prae·
862 2042 917 2093 nait
931 2041 991 2095 228.

296 2107 377 2160 latam
400 2107 463 2159 ibid.
488 2111 514 2158 et
539 2106 670 2159 duodecim
697 2107 795 2160 omnino
827 2110 893 2164 freni
909 2127 968 2179 pars
985 2124 1078 2172 aurea,
1104 2123 1180 2174 orca,
1202 2105 1236 2160 ab
1254 2119 1316 2156 aare
1332 2103 1360 2154 et

296 2176 376 2242 signis
392 2181 419 2228 et
441 2175 591 2243 imaginibus
612 2177 730 2229 distincta
751 2178 798 2242 47,
864 2196 909 2231 ore
924 2179 994 2230 dicta
1009 2179 1070 2232 227.
1232 2227 1235 2234 .

296 2245 330 2297 21
349 2261 402 2314 app.
420 2243 579 2314 florenteque
597 2243 796 2316 imperiocaivis
827 2247 922 2301 fenarii
948 2246 1033 2318 operis
1058 2246 1138 2298 instar
1163 2246 1271 2310 argento
1297 2256 1358 2292 aon-

297 2312 426 2381 quingenti
451 2313 558 2366 aderant
584 2315 634 2379 48,
670 2316 711 2368 11.
735 2319 796 2384 port
862 2322 931 2370 torto
945 2315 1075 2368 invointns
1101 2322 1140 2366 est
1160 2317 1240 2364 nodus
1257 2311 1282 2362 in
1299 2325 1360 2359 sce-

295 2381 460 2447 imperatoria
478 2383 582 2433 stabant
605 2383 631 2433 in
651 2383 722 2448 vigil.
747 2401 795 2434 na·
860 2393 919 2454 ptro
931 2402 1014 2452 magn.
1027 2383 1159 2436 domestici
1167 2385 1208 2450 17,
1222 2381 1262 2434 12.
1274 2377 1360 2447 mtgt't

296 2449 365 2500 tivit.
381 2447 508 2500 flammula
523 2465 655 2517 proceram
671 2451 735 2503 ibid.
752 2454 794 2505 16.
860 2454 931 2506 ducis
950 2457 997 2520 18,
1016 2455 1056 2508 19.

294 2514 446 2568 flammulam
463 2517 583 2569 usitatum
599 2517 661 2586 imp.
685 2523 741 2570 erat
757 2535 793 2573 se.
826 2523 968 2574 functiones
998 2522 1089 2574 variae
1123 2517 1270 2572 clericorum
1300 2515 1358 2569 113.

278 2599 359 2638 'crux
390 2584 490 2637 radians
515 2585 566 2648 28,
594 2588 635 2638 15.
658 2587 718 2641 249.
747 2603 794 2640 scu
859 2592 920 2644 273.
938 2589 1092 2658 aureorum,
1117 2589 1236 2652 miiitum,
1253 2583 1359 2638 famulo·

297 2654 434 2720 σταυρίων
446 2655 505 2708 283.
523 2654 591 2707 eliud
606 2663 663 2707 erat
674 2655 794 2719 damnov-
859 2676 914 2712 rum
930 2662 980 2723 28,
997 2660 1023 2712 5.

295 2727 371 2776 rator
388 2725 452 2778 iota.
468 2723 621 2777 flammulam
641 2721 795 2789 sacomam
826 2729 922 2782 fundae
958 2727 1105 2796 accubitor,
1133 2741 1223 2799 parum
1250 2721 1360 2793 quadrat

294 2792 391 2846 habene
415 2793 537 2860 imagines
561 2798 601 2846 est
617 2795 748 2862 utriusque
764 2795 793 2846 S.
863 2799 923 2853 185.

296 2861 429 2914 Theodori
445 2863 506 2916 286.
527 2861 655 2916 flammula
671 2863 698 2914 in
715 2863 794 2915 veeti—
825 2869 901 2921 funes
910 2865 1037 2919 deauratis
1052 2862 1160 2934 pellibus
1172 2861 1248 2924 tecti,
1265 2858 1358 2928 quibas

295 2929 378 3053 roagium
388 2931 472 2984 delate
482 2932 525 2998 53,
539 2931 564 2986 9.
582 2932 609 2984 ia
620 2933 691 2985 lactu
701 2933 795 2986 omissa
859 2952 934 3004 poma
969 2953 1072 2990 mensae
1103 2933 1164 3003 imp.
1194 2937 1358 3000 apponuntur

259 3065 365 3119 floribus
388 3068 513 3121 sternitur
539 3069 706 3123 ambulacrum
730 3069 792 3124 sab-
823 3076 911 3128 fuscus
934 3073 1006 3126 color
1028 3071 1096 3124 inter
1112 3069 1196 3122 elbam
1213 3071 1242 3120 et
1257 3067 1356 3136 nigrum

294 3137 354 3189 bato
372 3137 465 3190 Lazari
480 3139 531 3201 67,
548 3139 573 3190 9.
859 3141 955 3195 medias
976 3145 1021 3208 19,
1040 3143 1081 3194 12.

258 3201 361 3256 flumine
373 3206 449 3258 habet
459 3206 598 3259 sticharion
610 3207 722 3278 episcopi
732 3210 791 3262 166.
824 3214 920 3266 Galata
936 3229 981 3264 sea
1001 3213 1068 3263 Pera
1083 3225 1103 3260 a
1135 3208 1241 3274 Sycena
1256 3209 1297 3257 est
1310 3222 1356 3256 re-

292 3274 437 3342 significant
453 3274 558 3342 gratiam
573 3275 681 3329 docendi
699 3281 726 3328 et
738 3276 791 3328 flu·
859 3279 901 3348 gio
918 3281 988 3332 urbis
1010 3278 1105 3330 decima
1127 3276 1206 3327 tertia
1223 3276 1281 3329 122.
1300 3290 1355 3325 eam

291 3344 359 3395 mina
378 3344 411 3396 de
429 3344 564 3398 salvatoris
579 3353 670 3398 rantra
686 3345 792 3398 fluentia
856 3350 945 3402 incolit
960 3353 1105 3419 potentatus
1121 3343 1295 3397 Gennensinm
1310 3345 1355 3408 56,

291 3414 355 3464 thid.
373 3413 404 3464 iis
426 3413 519 3482 pocula
539 3415 656 3467 innatant
680 3415 743 3467 ibid.
765 3421 791 3467 et
859 3422 901 3473 12.

291 3480 384 3532 fluvios
399 3482 522 3534 hebentes
539 3484 662 3555 mandyae
679 3500 724 3537 sen
742 3501 791 3537 un·
822 3487 927 3540 Galliae
950 3502 1026 3554 reges
1049 3482 1168 3536 vexillum
1184 3480 1214 3533 S.
1235 3479 1356 3546 Dionysii

291 3549 375 3601 dulfltfl
393 3550 471 3617 pallia
489 3550 553 3601 ibid·
856 3556 990 3608 oriflembc
1010 3554 1103 3606 dictum
1127 3552 1154 3604 in
1179 3549 1355 3620 expeditiones

255 3619 314 3672 fons
337 3619 492 3670 curationum
517 3624 558 3670 est
578 3620 698 3690 templum
715 3627 790 3675 extra
836 3648 840 3660 ·
856 3625 999 3678 educebant
1015 3625 1075 3677 286.

289 3687 376 3738 urbem
389 3685 482 3740 dictam
495 3685 569 3756 πηγή
586 3691 648 3746 381.
661 3689 698 3742 ihi
709 3707 788 3762 spon·
821 3693 960 3763 gennadio
985 3690 1107 3744 stichario
1129 3692 1188 3746 166.
1212 3691 1354 3758 gemmatae

253 3773 335 3879 forsdd
353 3764 475 3878 888881ιῆιὲ
491 3758 718 3896 δίξξοιαιοιίιιιιιιι
747 3825 788 3880 di-
820 3761 1353 3900 gedgssitdespwodieetemmitogynum1oo,

289 3911 363 3946 versa
380 3895 430 3959 31,
447 3897 490 3948 21.
856 3903 897 3954 19.
920 3899 982 3968 pilei
1002 3898 1051 3962 14,
1073 3899 1117 3952 21.
1138 3898 1206 3950 inter
1228 3912 1273 3948 eoa
1289 3895 1353 3946 ordo

254 3963 377 4016 tonnulae
394 3963 558 4028 subsignandi
569 3963 718 4016 beneficium
732 3964 787 4016 col·
854 3967 983 4036 dignitatis
999 3970 1033 4029 6,
1053 3969 1094 4021 18.

288 4033 364 4084 latum
376 4035 426 4097 79,
445 4033 486 4088 15.
505 4039 532 4082 et
543 4047 594 4100 qua
603 4033 717 4086 soltanus
728 4034 787 4086 Ma·
819 4037 980 4091 Gennadium
1012 4034 1169 4088 scholarium
1194 4033 1354 4085 Mahomctes

288 4103 402 4154 homctcs
421 4101 582 4154 Gennadium
606 4102 786 4170 patriarcham,
853 4107 880 4160 11
909 4105 1079 4176 patriarcham
1108 4108 1178 4155 creat
1199 4103 1260 4156 372.
1282 4101 1355 4154 varia

287 4178 315 4222 et
328 4187 377 4240 qua
389 4167 528 4222 Christiani
538 4169 616 4242 impp.
627 4171 787 4240 patriarchas
853 4193 955 4246 pressas
974 4175 1061 4228 officio
1077 4173 1145 4224 cedit
1160 4173 1221 4228 373.
1260 4174 1263 4181 ’

288 4240 400 4293 crearint
415 4240 477 4294 374.
819 4261 904 4316 genua
926 4262 977 4298 non
1000 4243 1140 4296 flectuntur
1163 4242 1214 4293 ritu
1233 4239 1355 4294 ecciesia-

251 4307 538 4435 torumtcupepgperinm
554 4306 646 4366 dictam
661 4315 721 4382 post
731 4315 786 4367 An·
854 4315 921 4367 atico
941 4314 1009 4368 inter
1030 4313 1126 4385 pascha
1146 4317 1174 4364 et
1188 4315 1355 4382 pentecosten

286 4393 394 4445 gaston
463 4403 488 4432 .·
855 4384 916 4442 834.
