3092 4942
222 348 299 422 206
374 344 585 424 GRETSERI
603 346 660 416 ΕΤ
678 344 811 415 GOle
829 344 1163 417 coniurauimus

220 512 281 568 titia
305 504 429 582 οὐραγοῦ
449 509 523 566 aas
543 508 658 576 obtinet,
683 506 729 580 qut
750 505 834 563 biexii
850 507 922 563 tertii
940 510 1059 579 tempore
1076 507 1145 563 eirca
1161 508 1205 564 ΟΡ
1223 510 1323 579 captam

221 577 415 665 sarcitector
435 576 569 654 σεβαστός
589 577 699 633 ridicule
719 576 857 646 audiebat,
881 578 946 634 laria
962 580 1016 635 GR
1034 596 1061 650 p.
1082 578 1134 635 285
1157 577 1186 634 tu
1204 594 1324 649 caprena

221 667 345 721 mgna.

307 775 336 836 p.
353 757 432 823 rav.
450 757 497 818 19.
531 750 582 817 aa
606 753 664 817 τοῦ
686 741 936 832 meretricaris]
964 748 1037 811 male
1066 750 1179 813 lunio:
1210 749 1326 815 asco

219 844 597 920 rooerimperatcn'rprceerat
613 844 694 918 utputa
709 837 859 897 macac
891 854 991 896 sensus
1005 855 1087 895 verus
1107 844 1153 897 est
1174 856 1258 915 quem
1277 855 1325 897 ex-

220 928 331 1008 pressi:
351 931 433 987 tanta
444 926 519 984 enirn
529 930 591 984 erat
603 921 725 982 canaclei
738 921 863 999 dignitas
880 927 914 979 ut
927 928 1025 1000 posset
1038 923 1188 1000 impetrare
1201 923 1259 981 fiiio
1273 940 1325 981 sno

222 1010 493 1090 fiiiamimperatoris
506 1015 537 1071 et
549 1009 622 1070 filiae
641 1008 735 1066 filiun
763 1004 920 1085 exemplum
937 1007 1060 1066 invenies
1078 1008 1156 1085 apud
1170 1008 1327 1086 Gregoraru

221 1096 241 1157 b
256 1104 276 1162 7
291 1102 321 1157 et
330 1097 560 1156 Cantacuzenum
572 1093 591 1154 1.
611 1097 637 1157 1.
653 1092 768 1152 Graecis
782 1092 863 1151 unico
877 1090 1013 1152 vocabulo
1027 1092 1129 1150 dicitur
1140 1094 1327 1155 κανακκείων

223 1182 373 1245 amcam.
395 1181 473 1261 apud
487 1180 605 1259 Tyrium
618 1180 661 1241 22
675 1181 695 1241 6
709 1178 863 1237 camelinae
875 1176 1048 1257 appellatur3
1061 1182 1095 1235 ut
1107 1182 1138 1235 et
1146 1178 1177 1237 in
1189 1175 1327 1256 Ligurino

225 1267 367 1327 Guntberi
379 1264 398 1326 Ι.
410 1269 448 1330 8:
467 1268 566 1327 Graeci
579 1262 875 1341 cognoscerentur
893 1262 1041 1321 caniclinus
1055 1268 1128 1337 erat,
1147 1263 1222 1322 nobie
1239 1281 1328 1323 mma·

224 1357 316 1411 carim
335 1352 405 1411 tam
420 1370 474 1411 csse
488 1354 581 1430 potest.
623 1347 782 1408 Radevicus
796 1346 985 1406 cancellarium
1001 1346 1202 1429 iuterpretatur
1220 1345 1239 1407 l.
1257 1350 1275 1411 1
1290 1348 1329 1407 de

225 1438 315 1515 gestis
325 1436 459 1495 Friderici
472 1434 543 1514 Imp.
553 1455 578 1495 c.
592 1433 650 1499 47:
671 1453 742 1493 amu
755 1433 788 1492 de
802 1432 1011 1511 coropalati,
1031 1433 1186 1491 camelinae
1195 1432 1328 1509 uidelicet,

226 1542 359 1602 quernos
374 1522 561 1581 medaeam
578 1518 665 1579 &cere
675 1537 826 1595 paramur.
845 1536 1003 1577 uernmnec
1018 1517 1183 1577 camerarius
1195 1535 1248 1577 nec
1261 1536 1328 1577 can-

226 1606 353 1665 cellarius
369 1611 448 1683 erat,
472 1607 524 1664 sed
545 1604 651 1665 ordinis
674 1603 760 1681 longe
783 1601 905 1662 celsioris
927 1610 957 1662 et
972 1603 1150 1679 augustioris.
1170 1610 1232 1662 erat
1245 1620 1329 1661 cana-

227 1690 317 1753 deum
327 1691 554 1769 augustissimam
571 1695 602 1749 et
619 1689 922 1766 magnificentissimum
934 1687 1087 1767 palatium,
1103 1688 1148 1746 cui
1163 1688 1216 1747 sub
1232 1686 1330 1747 Theo·

226 1777 305 1858 pbiio
326 1777 496 1856 imperatore
525 1775 705 1835 iconomacho
730 1774 843 1835 caniciei
869 1773 952 1833 titulo
984 1779 1113 1853 praeerat
1136 1772 1331 1851 Theoctistus,
1386 1776 1389 1783 ’

227 1866 311 1922 tanta
328 1862 421 1940 gratia
434 1862 512 1939 apud
527 1860 718 1939 Theophilum
734 1859 844 1939 pollens
865 1864 900 1917 ut
919 1860 999 1934 quasi
1017 1858 1158 1917 secundus
1178 1859 1331 1939 imperator

227 1953 321 2024 esset,
340 1952 415 2006 teste
434 1947 548 2006 Zonara
568 1947 599 2006 in
620 1945 789 2025 Theophila.
805 1946 968 2005 adiunctum
985 1949 1046 2002 erat
1067 1944 1192 2003 eiusdem
1211 1944 1331 2004 nominis

226 2032 443 2110 monasterium,
459 2032 490 2090 in
504 2032 582 2109 quod
594 2030 771 2112 Nicephorus
784 2030 950 2090 Batoniates
959 2028 1050 2088 Alexii
1063 2029 1201 2089 Comueni
1219 2034 1249 2090 et
1262 2028 1331 2091 alic-

226 2137 292 2177 ram
314 2118 523 2178 coniuratorum
543 2123 662 2177 matrem
683 2123 714 2177 et
729 2118 862 2195 coniuges
889 2114 1066 2193 amandavit,
1086 2120 1120 2173 ut
1138 2114 1235 2175 scribit
1251 2116 1331 2194 'idem

227 2200 356 2262 Zonaras
369 2203 399 2262 in
408 2200 508 2263 Alexio
524 2202 679 2263 Comneno.

313 2300 360 2362 De
383 2302 505 2361 canicleo
531 2321 582 2361 seu
609 2304 752 2382 praefecto
783 2300 896 2362 ranidei
919 2300 1046 2361 Codinns
1070 2318 1099 2381 p.
1120 2299 1162 2363 17
1182 2298 1227 2359 eti
1248 2297 1331 2361 Iun:

230 2383 319 2449 dirui
339 2390 397 2448 τοῦ
415 2387 586 2449 κανικλείου
607 2383 784 2467 ὀχούμενος,
815 2406 889 2463 equo
916 2386 1022 2448 scilicet
1049 2384 1093 2445 vel
1122 2384 1177 2445 alio
1203 2384 1331 2445 vehiculo

226 2470 304 2529 intra
323 2469 418 2529 auiam
438 2471 632 2548 Cpolitanam3
655 2474 732 2549 quod
752 2470 821 2531 nulli
842 2472 922 2531 alteri
937 2490 1108 2531 concessum.
1150 2488 1255 2549 magna
1268 2476 1330 2529 erat

228 2556 371 2633 dignitas,
399 2555 477 2613 cuius
498 2556 604 2634 passim
623 2557 656 2616 fit
675 2556 781 2617 mentio
802 2557 880 2637 apud
900 2557 1048 2617 historicos
1069 2556 1203 2617 Graecos.
1246 2556 1331 2615 Ioan-

226 2658 281 2703 nes
300 2639 475 2720 Cnropaiata
490 2641 520 2699 in
541 2640 677 2701 biicbaele
695 2640 844 2701 Rancabe:
875 2645 980 2703 cumae
1007 2640 1136 2723 cumdum
1156 2640 1277 2701 manto
1293 2646 1330 2701 ri·

227 2725 315 2785 mint
329 2746 357 2786 re
373 2726 482 2805 qnidam
500 2726 625 2804 religioso
644 2728 777 2807 explicare
794 2728 859 2787 aelle
875 2747 925 2807 per
949 2728 1147 2803 Tbcoctbtam,
1180 2744 1255 2807 quan
1280 2746 1332 2807 po·

229 2816 289 2869 steu
309 2812 422 2871 conicio
440 2812 575 2889 dignitate
598 2813 744 2877 boroacit.
788 2814 887 2873 eadem
899 2814 936 2872 de
949 2812 1062 2872 caniciei
1075 2812 1218 2893 praesecto
1233 2810 1332 2870 Theo-
1437 2804 1442 2811 ’

227 2896 315 2955 ctisto
338 2896 502 2975 cedrenus,
521 2897 571 2956 ubi
591 2898 629 2957 de
649 2900 734 2958 caede
753 2896 859 2959 Leonis
879 2898 995 2957 Armeni
1015 2900 1084 2979 agit
1125 2898 1201 2959 idem
1223 2897 1331 2956 Cedre-

226 3000 284 3042 nus
303 2983 401 3041 scribit
420 2983 512 3042 occiso
533 2983 678 3061 praedicto
698 2984 865 3044 'l'beoctisto
886 3002 905 3042 a
926 2984 1036 3064 Barda,
1064 2983 1187 3041 Bardam
1208 2982 1331 3061 dignita-

228 3072 288 3126 tem
309 3066 422 3127 caniciei
452 3068 483 3127 in
512 3086 544 3127 se
575 3067 760 3130 transtulisse.
803 3069 982 3149 Curopalata
996 3070 1026 3129 in
1047 3068 1236 3128 Constantino
1256 3063 1333 3125 Leo·

228 3152 274 3211 nis
295 3152 367 3211 filio:
385 3152 545 3231 paulopost
560 3157 656 3214 miras
675 3161 715 3215 ert
729 3155 764 3215 ab
785 3158 910 3232 Augusta
928 3158 1064 3237 patriciae
1081 3152 1206 3213 Basilius
1221 3152 1335 3213 caniciei

223 3236 388 3315 praefectur.
444 3237 482 3295 de
512 3238 613 3298 eodem
638 3240 751 3300 caniciei
775 3242 918 3320 praefecto
947 3240 1114 3300 Theoctisto
1142 3239 1269 3298 Zonaras
1300 3238 1332 3295 in

229 3318 390 3399 Theopbiio
411 3321 594 3399 imperatore:
623 3344 733 3385 acorem
757 3332 784 3384 ct
809 3325 923 3385 caniciei
937 3326 1105 3407 praesectum
1125 3325 1237 3385 multum
1257 3323 1332 3382 obte-

228 3409 318 3464 rtatar
335 3412 375 3466 ert
389 3403 593 3487 (Theophilus)
606 3428 639 3467 nc
649 3416 803 3489 poteratur
814 3410 976 3471 wnacodar
985 3412 1115 3487 imagines
1125 3412 1225 3489 tepora
1256 3408 1332 3467 idem

228 3490 356 3550 Zonaras
376 3490 406 3549 in
427 3488 525 3551 Alexio
546 3492 707 3554 Comneno:
730 3494 854 3555 &moeni
871 3496 948 3555 rebar
968 3499 1025 3555 rab
1045 3498 1101 3555 tom
1121 3496 1151 3554 io
1171 3499 1231 3553 tuto
1251 3492 1332 3553 cotto-

229 3578 318 3651 catir,
346 3580 456 3635 mabar
475 3582 502 3637 et
523 3580 647 3655 coauget
669 3578 703 3641 in
722 3584 779 3660 τῆς
801 3584 966 3659 porrigenti
987 3580 1183 3655 κανακλείου,
1215 3596 1250 3637 aa·
1275 3594 1331 3636 urc-

227 3663 346 3720 meato
365 3660 487 3739 aecta
506 3662 545 3722 aci
564 3666 669 3740 regium
689 3668 889 3725 accedoeraat
931 3664 979 3723 ubi
999 3663 1118 3726 Wolfius
1138 3665 1278 3742 interpres
1298 3680 1332 3720 aa·

229 3745 346 3804 matrico
372 3751 537 3808 momatmb.
578 3767 614 3808 ex
642 3766 700 3825 qna
728 3750 856 3809 versione
882 3751 1018 3829 suspicari
1047 3750 1110 3827 quis
1138 3754 1236 3829 posset
1255 3748 1333 3807 cani-

218 3828 320 3890 ‚eleum
338 3830 426 3890 tuisse
445 3834 654 3913 monasterium,
675 3835 788 3895 tametsi
808 3836 940 3895 adiuncto
961 3835 1083 3915 palatio:
1104 3854 1170 3895 nam
1189 3838 1333 3893 monaste-

229 3914 296 3992 riis,
315 3916 480 3977 nominatim
500 3919 526 3977 ei
547 3921 625 3995 quod
644 3921 822 4000 Hodegetria
843 3920 1050 4000 nominabatur,
1071 3926 1102 3981 et
1124 3920 1236 3999 templis
1250 3936 1332 3997 prae-

228 4000 336 4079 cipuis,
356 4007 390 4060 nt
410 4001 630 4084 Blacherniano,
652 4006 880 4085 adiungebantnr
900 4006 1020 4085 palatia,
1040 4008 1070 4065 in
1091 4004 1192 4081 quibus
1213 4006 1333 4084 impera-

229 4091 307 4143 tores
326 4085 371 4145 vel
391 4087 504 4166 pietatis
524 4088 568 4148 vei
581 4093 759 4153 recreationis
770 4112 856 4153 causa
869 4091 1021 4169 aliquando
1034 4090 1225 4151 versabantur.
1267 4090 1334 4149 binc

229 4168 327 4229 lunius
355 4168 410 4234 cciv
438 4172 490 4236 tut
517 4177 573 4236 cori
595 4179 766 4241 κανικλείου
793 4184 877 4258 putat
904 4179 1078 4257 praefectum
1102 4176 1188 4235 fuisse
1209 4175 1280 4233 arcis
1301 4180 1332 4233 et

228 4257 391 4315 monasterii
412 4257 467 4318 boc
486 4260 599 4319 nomine
611 4260 641 4319 in
652 4263 722 4322 urbe
738 4264 898 4343 Cpolitana.
940 4282 1013 4342 quae
1026 4262 1080 4321 init
1093 4262 1178 4322 etiam
1191 4261 1333 4321 sententia

231 4340 326 4402 Wolfii
358 4345 390 4405 in
422 4344 513 4405 indice
541 4346 580 4420 ad
613 4347 763 4411 Zonaranr
805 4346 974 4426 cuaiclauuj
1004 4348 1112 4426 iuquit,
1147 4350 1333 4409 moramur·
