3092 4942
247 283 251 288 ⁵
292 327 369 402 ooo
453 329 662 400 cucusum
676 330 732 398 ur
746 282 1246 401 oocmcouuuurcuus'

334 488 444 578 Μάγοι
465 497 593 577 Περσοόν
611 497 757 578 βασιλεῖς,
778 491 951 581 ἐπιγνόντες
969 501 1077 578 σοφοῖς

333 576 387 642 τόν
404 579 455 644 έπδ
476 586 533 664 γῆς
552 582 693 663 τεχθέντα
712 581 834 664 βασιλέα
852 577 1009 664 οόράνιον,

332 661 395 729 όπδ
418 670 558 748 λαμπροῦ
576 663 700 749 άστέρος
718 664 874 749 ἑλκόμενοι
893 667 1035 746 ἔφθασαν
1054 663 1088 728 έν
1110 661 1261 745 Βηθλεέμ,

183 750 275 811 1¹224
333 751 418 831 δαέρα
439 751 659 853 προσφέροντες
680 752 816 833 έγκριτα,
836 749 949 834 χρυσόν
970 752 1020 816 καὶ
1035 751 1161 831 λίβανον
1174 749 1227 812 καὶ
1242 744 1389 834 σμάρναν.

333 836 383 896 cet
400 856 540 909 πεσοντες
555 833 800 918 προσεκύνησαν·
820 837 887 900 έδσν
902 835 958 919 γάρ
974 837 1008 900 ἐν
1025 839 1069 922 τῷ

334 923 470 1005 σπηλαίῳ
490 921 604 1002 βρέφος
621 924 761 1002 κείμενον
778 918 832 987 τόν
850 919 991 1004 άχρονον.

289 1027 336 1082 est
350 1029 445 1082 cutem
461 1024 610 1084 idiomelou
626 1022 733 1103 proprii
752 1021 819 1080 sceti
837 1023 985 1084 cauticum.
1025 1019 1167 1082 idiomelle
1186 1016 1291 1096 ubique
1310 1019 1341 1078 in
1354 1018 1389 1077 b-

289 1107 350 1166 bris
365 1108 511 1169 ritualibus
524 1109 695 1168 Graecorum
708 1107 791 1166 obvia
804 1114 879 1167 sunt
913 1109 1010 1188 inepte
1023 1107 1119 1165 Iunius
1132 1107 1178 1165 bic
1191 1106 1288 1164 scribit
1302 1102 1388 1167 ἰδιό-

292 1197 383 1272 μελον
399 1213 451 1273 per
466 1218 505 1273 υ,
526 1196 600 1252 infra
613 1193 761 1274 ἰδιόμελον
774 1211 826 1271 per
841 1217 857 1255 ο
873 1189 994 1272 μικρόν,
1017 1199 1051 1251 ut
1070 1192 1184 1270 originis
1203 1198 1233 1249 et
1251 1191 1390 1268 composi-

290 1278 378 1337 tionis
399 1280 472 1338 ratio
495 1279 636 1357 postulat3
668 1279 839 1358 planumque
859 1278 893 1337 fit
910 1297 946 1338 er
966 1277 1111 1357 Menaeis,
1140 1277 1187 1334 ubi
1209 1276 1286 1334 nullo
1304 1268 1392 1336 ἰδιά-

290 1368 379 1443 cortu,
408 1365 463 1423 nisi
477 1365 573 1423 forsan
584 1384 678 1423 errore
693 1363 914 1443 typographico,
939 1365 990 1423 sed
1009 1381 1087 1422 mera
1104 1357 1240 1442 έδιόμελα
1256 1361 1390 1439 reperies.

359 1477 386 1530 p.
401 1463 436 1515 60
449 1479 476 1514 v.
490 1465 531 1518 10.
550 1455 688 1527 έδιόμελον
700 1461 830 1514 corticum
837 1461 926 1529 scrico
933 1463 1085 1532 proprium,
1097 1459 1135 1512 cit
1144 1459 1281 1512 Meursius.
1299 1473 1390 1510 rerum

291 1524 482 1598 έδιομελφδεῖ,
499 1531 550 1584 cibo·
566 1531 617 1599 ι’μτι·
635 1535 739 1594 contat,
757 1529 819 1598 quic
835 1532 903 1583 solos
919 1547 948 1583 se
965 1531 1044 1584 rodit.
1060 1538 1101 1583 cst
1116 1529 1203 1597 itaque
1213 1528 1313 1597 proprii
1324 1545 1389 1578 οτιι·

289 1603 334 1650 σαι
347 1599 481 1664 modulus,
506 1598 550 1668 qui
567 1597 680 1650 nimirum
694 1600 802 1667 proprio
819 1617 853 1651 oc
874 1601 981 1668 φνιόσιο
1004 1599 1158 1652 nordanae·
1180 1613 1277 1666 gcocrc
1291 1596 1389 1650 οοοέιιέ-

290 1674 353 1729 σατς
375 1667 473 1736 hocque
491 1668 591 1720 rationo
607 1667 750 1736 τροπαρίφ
768 1668 806 1720 cd
821 1669 931 1722 oltcrr‘or
947 1675 1054 1722 cortou
1067 1668 1220 1737 ιἰιβσισικέσ
1241 1665 1389 1738 opponitur.

289 1735 365 1803 vide,
384 1734 481 1805 siquid
500 1741 658 1801 merantur,
675 1735 858 1805 Euchologioo.

375 1846 403 1904 p.
418 1829 459 1890 62
470 1831 496 1883 t.
509 1824 539 1888 4.
557 1824 661 1884 ferculo
673 1825 749 1882 humi
762 1823 866 1903 posito]
884 1823 980 1884 Iunius
993 1824 1074 1884 nobis
1087 1825 1255 1904 persuadere
1271 1827 1388 1882 couten-

291 1908 335 1967 dit
350 1928 454 1988 pouerc
467 1909 572 1972 ferculo
586 1903 629 1972 ἐπ’
644 1905 778 1986 ἐδάφους
786 1954 795 1986 ,
815 1911 846 1968 id
860 1917 904 1970 est
917 1910 1005 1988 humi,
1025 1911 1100 1968 idem
1113 1929 1175 1969 esse
1190 1910 1268 1986 quod
1281 1926 1388 1987 ponere

290 2012 376 2074 super
393 2013 533 2073 mensam,
555 1996 621 2071 quia
644 2013 742 2054 menso
762 1999 808 2053 est
828 1997 913 2054 etiem
937 1995 1049 2071 έδαφος
1062 2015 1113 2054 seu
1127 1995 1209 2055 colum
1222 2014 1273 2054 seu
1286 2000 1388 2052 scoten-

289 2080 417 2138 taculum.
459 2101 496 2139 on
508 2081 626 2158 vigilans
640 2081 697 2140 isto
710 2081 854 2158 scripserit
865 2081 962 2141 Iunius
976 2081 1106 2156 equidem
1119 2080 1234 2159 dubito,
1251 2099 1315 2137 cum
1327 2079 1388 2136 Co-

290 2164 374 2222 dinus
395 2181 526 2244 expresse
547 2167 623 2226 dicat
641 2166 809 2226 domesticos
824 2170 880 2228 rori
894 2166 1081 2242 δομεστικέου
1096 2166 1221 2244 μένσους
1232 2162 1387 2243 κειμένους

287 2243 335 2309 ἐπ’
350 2243 501 2326 ἐδάφους,
519 2249 593 2309 burri
605 2251 647 2310 στὶ
662 2255 692 2309 in
710 2255 859 2329 pauimento
873 2254 995 2329 positor,
1018 2268 1053 2309 ex
1065 2249 1127 2308 solo
1146 2249 1253 2309 levasse
1266 2250 1296 2307 in
1308 2268 1386 2306 men-

286 2351 349 2392 sem
369 2334 560 2411 imperatoris,
588 2339 619 2394 et
638 2335 721 2395 huius
740 2335 860 2394 faciendi
883 2341 951 2394 bruc
971 2340 1082 2394 tontum
1102 2342 1132 2394 et
1151 2335 1219 2393 alias
1242 2352 1388 2410 nunquam

287 2422 459 2495 potestatem
480 2419 619 2476 habuisse.
661 2437 698 2478 an
720 2420 874 2493 quodiam
894 2426 938 2479 cst
957 2420 987 2479 iu
1009 2439 1120 2498 menso,
1145 2421 1245 2478 dicitur
1258 2419 1342 2478 levari
1355 2419 1386 2476 iu

286 2501 434 2562 inensam?
457 2509 487 2562 et
500 2522 594 2581 supra.
638 2502 782 2561 domestici
803 2503 851 2561 isti
872 2503 990 2566 τιθέασι
1011 2502 1083 2579 τοός
1104 2505 1228 2586 μένσους
1251 2499 1296 2566 έτό
1316 2496 1386 2565 έδά·

288 2609 376 2664 φους.
419 2589 450 2732 bn
473 2607 530 2665 quo
550 2587 687 2669 Galepino
708 2589 814 2670 reperit
832 2587 929 2648 Iunius
949 2588 1062 2669 έδαφος
1081 2609 1144 2650 esse
1163 2590 1210 2651 vel
1229 2589 1386 2668 significare

250 2719 254 2732 ,
286 2691 413 2732 mensam

371 2777 407 2835 ib.
428 2792 455 2834 r.
476 2776 526 2838 21.
547 2769 581 2836 τό
605 2767 761 2853 μινσάλιον
782 2792 881 2855 'coppo
893 2794 1006 2841 κτοισε.
1048 2775 1155 2834 Citrius
1169 2774 1199 2834 in
1213 2773 1383 2853 Responsis:

286 2856 339 2924 καὶ
351 2855 387 2920 τά
402 2858 434 2922 έν
452 2863 518 2931 ταῖς
537 2856 693 2942 τραπέζαις
716 2855 930 2941 έφαπλοάμενα
950 2855 1061 2924 ὀθόνια
1082 2855 1222 2941 μινσάλια
1239 2860 1383 2942 λέγονται,

287 2938 339 3006 oio
351 2939 428 3023 πρός
443 2939 557 3024 κόσμον
571 2949 624 3024 τῆς
638 2944 783 3027 τραπέζης
796 2946 849 3007 καὶ
862 2950 924 3009 τοῖν
939 2948 1055 3026 μένοιεν
1068 2945 1223 3026 τιθέμενα.

372 3065 401 3126 p.
417 3049 457 3110 63
472 3063 498 3102 v.
516 3050 541 3106 1.
563 3065 615 3124 pro
642 3044 795 3108 έσοπέδιον
807 3051 999 3126 reponendum
1012 3056 1057 3108 est
1071 3045 1271 3118 σουππέδιον,
1290 3065 1385 3123 ινφρα-

287 3129 378 3207 dr'um,
398 3129 547 3188 scabellum
564 3133 683 3208 pedum,
703 3139 902 3211 usurpatuma
925 3134 1027 3194 Niceta
1047 3135 1186 3192 Choniate
1203 3137 1233 3190 et
1256 3131 1291 3189 ab
1312 3131 1384 3206 aliis,

248 3215 253 3222 '
286 3220 320 3273 ut
336 3213 568 3273 docetMeursius
586 3217 616 3274 in
630 3215 742 3276 Lexico.
771 3219 901 3278 scribitur
919 3221 1003 3279 etiam
1019 3218 1166 3282 σαπέδιον
1187 3223 1218 3276 et
1232 3213 1383 3278 συπέδιον.

355 3312 419 3366 ibid.
456 3311 535 3364 miror
557 3327 603 3364 cor
625 3329 676 3366 uon
705 3314 808 3382 primam
836 3320 865 3368 et
898 3333 1042 3384 gerucucur
1065 3316 1201 3370 lectionem
1224 3310 1386 3367 έσουπέδιον

290 3381 424 3450 reliquerit
442 3382 591 3434 Gretreroc.
614 3398 646 3434 oo
670 3399 720 3436 ooo
736 3384 853 3439 Graecos
869 3393 988 3440 auctores
1009 3385 1119 3439 Graecis
1136 3385 1223 3456 potius
1239 3400 1314 3452 qoem
1329 3382 1385 3435 Lo·

292 3449 353 3502 tinio
370 3467 417 3519 per
434 3456 475 3502 est
490 3449 528 3502 uti
544 3449 669 3504 vocibus?
685 3449 857 3507 σουππέδιον
873 3471 937 3508 vero
955 3455 1063 3518 Latina,
1081 3452 1242 3507 έσουπέδιον
1259 3452 1301 3506 rel
1312 3448 1385 3503 cloc-

284 3512 384 3570 πέδιον
401 3519 504 3570 Graece
519 3534 572 3569 vor
589 3526 645 3580 est,
670 3536 745 3587 quom
762 3523 885 3576 communi
909 3539 1034 3578 consensu
1056 3530 1160 3576 tuentur
1177 3519 1253 3589 Regii
1270 3520 1382 3577 codices.

285 3586 432 3639 utramlibet
449 3601 512 3637 vero
529 3587 660 3654 sequaris,
674 3591 826 3656 suppodium
844 3592 899 3644 sive
909 3594 1048 3646 scabellum
1064 3595 1159 3662 pedum
1170 3590 1384 3657 interpretabere,

285 3655 358 3707 cuius
374 3655 429 3709 vico
444 3653 640 3721 σκιμποδίτκον
657 3662 685 3707 et
700 3657 798 3710 ποδῶν
814 3660 938 3727 δρανέδα
956 3662 1059 3732 scripsit
1077 3661 1215 3714 correctior
1231 3657 1337 3711 Nicetos
1352 3658 1382 3709 iu

283 3724 374 3777 Alexio
390 3726 408 3777 2
426 3728 453 3778 ct
477 3723 574 3778 isaacio
595 3725 710 3790 Anneio,
732 3725 760 3778 io
783 3727 828 3780 ΟΡ
851 3730 963 3783 nimirum
985 3738 1062 3784 statu.
1085 3731 1157 3800 prior
1179 3729 1250 3781 locus
1275 3733 1316 3779 est
1333 3718 1382 3778 έπέ

284 3810 360 3852 τινος
377 3789 514 3860 μετεώρου
539 3793 737 3860 σκιμποδίσκου
754 3791 827 3848 κατά
849 3794 900 3851 τόν
915 3797 1062 3861 Μάκρωνα
1077 3792 1301 3866 παρευρεθέντος
1315 3790 1382 3854 στάς

285 3856 383 3922 αότόςι
401 3861 471 3914 cuios
486 3861 539 3914 olis
555 3862 631 3915 lectio
648 3862 750 3934 reponit
765 3860 813 3918 έπί
826 3885 901 3929 τινος
916 3865 1052 3936 μετεώρου
1065 3865 1246 3922 σουππεδίον.
1264 3862 1326 3916 alios
1344 3857 1381 3915 τά

199 3935 204 3938 “
284 3925 317 3982 δέ
335 3931 387 3984 τοῦ
402 3931 522 3996 Χριστοῦ
538 3928 586 3984 καὶ
605 3932 660 3984 τοῖν
683 3929 771 4000 άφέοιν
787 3937 856 3988 θεῖα
872 3933 1025 4005 εἰκάσματα
1050 3934 1090 3998 εές
1110 3935 1193 4003 ἕδρας
1218 3930 1266 3986 καὶ
1282 3932 1381 3985 ποδῶν

284 3999 424 4064 δρανίδας
441 3999 582 4066 παρῆγονι
601 4001 731 4054 substituit
747 4003 797 4058 olis
813 4001 965 4073 εἰκάσματα
982 4002 1023 4067 εἰς
1043 3999 1218 4073 ποδαροόλια
1229 3999 1277 4054 καὶ
1295 4018 1381 4055 σουπ-

282 4065 370 4123 πέδιοι
391 4065 599 4132 κατεσκεύαζον.
624 4066 763 4124 σοιπέδιον
787 4080 815 4126 et
836 4070 969 4128 συπόδιον
993 4075 1057 4142 tegit
1079 4075 1161 4126 adbuc
1187 4071 1315 4125 Meurcius
1330 4071 1392 4139 boc‘

283 4138 372 4192 eodem
389 4138 485 4200 verbo.
502 4138 728 4208 quaslGroecom,
743 4145 773 4195 ut
792 4142 904 4209 merui,
917 4143 1051 4198 lectionem
1067 4139 1210 4196 έοοπέδιου
1224 4140 1381 4193 confirmant.

281 4270 285 4276 -
365 4230 402 4289 ι’δ.
422 4246 449 4287 v.
470 4232 499 4294 3.
526 4227 717 4306 panagIarium
741 4236 771 4290 et
798 4237 932 4312 portagio.
973 4233 1043 4291 illud
1063 4237 1125 4290 erat
1147 4229 1263 4291 scutelle
1278 4230 1309 4288 iu
1323 4247 1381 4305 qua

283 4317 407 4394 portagio
419 4311 606 4378 adserebatur.
649 4313 718 4394 quid
737 4335 806 4378 vcro
825 4317 918 4378 bocci
945 4318 1015 4381 miro
1032 4315 1138 4381 Iunios.
1178 4316 1220 4376 ait
1229 4319 1380 4397 μαισςίατι
