3092 4942
265 497 270 506 ,
381 440 431 509 ΙΝ
456 442 603 511 comm
621 444 706 515 ,CAR
737 444 781 513 11.
899 442 903 450 “
1072 449 1142 521 179

46 607 152 687 α’μόδαε
160 606 334 685 megalducas
343 613 565 687 amsuagaeitcam
576 629 661 684 mam,
674 614 754 675 etue
766 612 820 673 11:
840 610 951 673 Δίεαίαι
960 614 1143 694 megalducas,

47 697 96 772 pa·
108 694 193 752 classi
210 699 268 752 erat
282 694 446 772 praefectus.
468 702 605 775 usurpem
614 696 699 754 etiem
713 696 814 754 Graeci
833 694 982 761 δοοκάτον
997 720 1049 779 pro
1066 722 1148 780 prue-

41 779 153 857 secturu
173 785 203 836 et
224 776 321 847 deictu3
339 783 369 836 et
379 798 431 856 pro
445 787 562 855 moneta,
582 799 655 856 quae
675 781 821 839 Germanis
841 790 885 841 est
903 788 945 843 eia
960 785 1052 845 ducat.
1072 788 1145 849 δου-

45 858 147 941 κάτωρ
165 864 267 922 ductos.
288 864 352 921 uide
364 864 518 923 Meursium
530 865 559 924 iu
581 865 725 925 Glossario
747 866 984 928 Graecobarbaro.
1005 870 1070 930 olim
1089 861 1251 930 At-P189

44 950 118 1092 {cae
140 953 171 1006 et
191 945 365 1095 Aihepnm
390 950 522 1031 princeps
546 969 661 1027 magam
684 951 742 1011 deca
763 952 912 1031 audiebat,
933 959 966 1013 ut
993 961 1037 1013 est
1067 958 1145 1038 apud

75 1046 238 1109 regor-am
274 1076 282 1091 .
1107 1056 1111 1071 ’

116 1114 156 1166 Ut
178 1114 265 1167 officia
290 1128 432 1182 uunquam,
454 1114 492 1170 ita
513 1133 561 1171 nec
581 1115 725 1170 officiorum
749 1117 933 1188 appellationes
959 1123 1057 1173 temere
1083 1139 1146 1175 con-

43 1182 199 1237 fundendae.
233 1185 348 1253 quumvis
379 1183 466 1253 itaque
498 1184 524 1238 in
555 1186 721 1254 posteriorum
749 1187 928 1256 imperatorum
958 1190 1145 1243 constitutioni·

46 1254 97 1304 bus
117 1260 294 1321 nuncupentur
320 1253 399 1304 duces
422 1252 466 1322 qui
499 1253 618 1307 limitibus
651 1255 772 1307 militibus
801 1256 937 1325 provinciis
968 1266 996 1311 et
1023 1259 1146 1313 foedera-

46 1321 83 1373 tis
109 1327 232 1391 praesunt
255 1316 477 1386 (στρατιωτικούς
504 1320 676 1391 καταλόγους
699 1324 767 1395 τῇδε
788 1319 939 1393 ίδρύσατο,
967 1323 1009 1387 οἷς
1032 1322 1069 1394 δὴ
1093 1325 1145 1395 cia·

46 1408 136 1461 γοντα
153 1386 240 1443 εἰσαεὶ
256 1384 401 1455 ἐφιστάναι
426 1387 569 1458 διώρισεν,
593 1386 626 1444 δν
640 1387 776 1458 Ῥωμαῖοι
791 1392 882 1445 dodau
898 1395 933 1463 τῇ
949 1394 1077 1447 Λατίνων
1093 1414 1145 1449 ιτα-
1201 1404 1204 1411 “

48 1460 128 1513 λούσι
148 1459 230 1528 φωνῇ
240 1497 248 1525 ,
265 1459 298 1511 de
313 1458 451 1511 iustiniano
469 1460 505 1511 ait
524 1460 663 1531 Procopius
681 1461 724 1514 ubi
740 1461 774 1512 de
790 1460 844 1513 eius
862 1463 983 1515 aedificiis
998 1463 1015 1516 l.
1033 1466 1075 1529 3),
1095 1466 1146 1519 dux

46 1534 136 1582 tanen
159 1543 280 1597 magnus,
302 1527 334 1578 de
357 1544 408 1596 quo
431 1528 488 1594 hic,
509 1530 600 1582 navale
623 1530 704 1582 solum
728 1530 775 1581 sub
803 1546 850 1582 sua
873 1530 1037 1600 dispositione
1057 1539 1147 1587 tenere

48 1598 155 1669 potest,
177 1612 209 1648 ac
232 1596 269 1648 ite
292 1596 360 1647 vires
380 1596 478 1666 imperii
500 1615 556 1650 cum
573 1614 665 1665 magno
682 1598 821 1651 domestico
839 1599 929 1651 dividit
944 1606 972 1653 ut
988 1601 1044 1670 ipse
1061 1603 1146 1666 maris,

49 1665 203 1719 domesticus
224 1667 308 1717 terrae
332 1671 485 1737 potestatem
509 1666 643 1729 sortiatur,
670 1674 747 1736 prout
769 1684 825 1720 cum
848 1676 953 1721 auctore
976 1671 1061 1723 stetim
1085 1688 1108 1723 a.
1128 1671 1145 1725 5

49 1736 174 1803 legemus.
209 1751 262 1786 mm
280 1735 313 1785 ob
329 1750 382 1786 rem
401 1734 443 1786 ubi
466 1736 550 1803 magni
572 1736 703 1788 domestici
725 1741 815 1789 nomen
837 1738 993 1790 terrestrium
1017 1739 1146 1807 copiarum

51 1804 109 1855 duci
126 1803 250 1868 inditum,
266 1803 299 1855 de
315 1819 366 1871 quo
384 1820 465 1872 nuper
482 1805 649 1869 sometimes,
667 1811 729 1857 tunc
744 1806 788 1857 vei
805 1822 854 1858 uon
871 1807 947 1857 multo
965 1807 1044 1858 serim
1061 1807 1147 1875 magni

51 1872 138 1934 ducis,
154 1880 184 1924 ut
201 1872 276 1925 maris
287 1873 444 1941 preelectum
461 1873 591 1941 speciatim
607 1873 743 1939 indicaret,
760 1874 892 1943 vulgatum
908 1874 1032 1944 suspicor.
1066 1890 1147 1944 penes

51 1943 199 2009 Gregoram
216 1943 305 2009 itaque
321 1943 339 1995 7
356 1942 374 1994 6
389 1941 454 1993 tides
468 1950 508 1994 est
525 1949 554 1994 ut
571 1943 671 1994 Atticae
690 1949 718 1994 et
734 1944 891 1995 Athenarum
915 1944 1049 2014 princeps,
1075 1945 1148 1997 cuius

51 2010 114 2062 ditio
132 2009 233 2079 imperii
250 2010 296 2061 GP
314 2010 448 2081 frustulum
465 2012 600 2063 rescissum
617 2011 682 2076 init,
710 2011 759 2063 ism
777 2026 792 2063 a
810 2011 972 2064 Constantini
992 2019 1077 2065 aetate
1091 2030 1147 2067 ma-

52 2079 97 2147 gni
114 2079 200 2147 onds,
215 2080 272 2149 ipse
289 2080 410 2131 Romanis
426 2080 531 2133 ducibus
549 2080 663 2143 allectus,
683 2079 834 2148 dignitatem
847 2081 926 2133 luerit
943 2082 1059 2150 adeptus.
1092 2098 1147 2133 me-

52 2155 142 2202 morat
155 2148 208 2200 Lao
227 2149 413 2201 Grammaticus
430 2151 482 2201 τοῦ
501 2148 627 2217 πλοΐμοο
650 2143 700 2201 τόν
727 2147 828 2200 ecana.
863 2150 948 2216 magni
966 2167 1056 2202 nomen
1074 2148 1146 2202 addi-

52 2217 92 2269 dit
115 2216 228 2270 Nicetes
252 2217 378 2270 Manuelis
408 2216 531 2270 &moeni
554 2218 571 2269 l.
594 2218 612 2269 2
635 2235 686 2269 non
707 2233 759 2270 uno
777 2218 844 2269 loco.
879 2217 894 2270 1.
914 2219 945 2271 52
963 2206 985 2271 δ
1004 2212 1146 2286 Ματοοήλ

52 2281 158 2339 στέλλει
179 2281 232 2339 τόν
253 2281 340 2354 μέγαν
364 2287 454 2339 δούιια
475 2283 525 2340 τόν
548 2282 782 2352 Κοντοστέφανον
796 2281 973 2352 ,Ἀνδρόνικον
998 2286 1063 2352 περί
1088 2304 1146 2339 auo

53 2349 106 2416 τάς
121 2346 222 2408 έιιατόν
238 2351 286 2407 aui
301 2351 472 2422 πεντήκοντα
488 2352 611 2422 τριήρεις
628 2351 742 2424 ἔχοντα,
765 2350 808 2407 ότι
830 2350 900 2423 μηδέ
924 2356 981 2408 τῶν
995 2356 1145 2409 Βενετιιιιόν

54 2419 71 2477 ό
96 2420 195 2484 στόλος
218 2413 255 2491 ἦν
283 2418 461 2491 ἐνδεέστερος.
501 2424 527 2475 in
553 2422 643 2477 Alexio
669 2422 796 2475 Manuelis
814 2424 887 2476 huius
908 2424 945 2478 F:
980 2418 1105 2493 άρμηοεν
1130 2418 1147 2477 ό

52 2489 281 2564 πρωτοσέβαστος
297 2487 362 2551 τούς
378 2487 561 2555 πιστοτάτους
575 2488 662 2563 στόλῳ
679 2486 822 2559 ἐπιστῆσαι
838 2488 1017 2561 τριηράρχας,
1033 2492 1081 2545 aui
1092 2510 1147 2545 τια-

54 2562 196 2627 ραδοῠναι
219 2556 308 2614 αύτόν
329 2564 389 2622 τοῖς
412 2556 507 2629 ἐκείνῳ
529 2556 601 2613 κατά
624 2558 704 2629 γένος
726 2554 869 2629 ἐγγίζουσι.
904 2564 955 2614 τοῦ
976 2557 1009 2615 δέ
1024 2558 1147 2629 μεγάλαν

53 2626 161 2692 dovario
175 2632 226 2683 τοῦ
243 2627 475 2695 Κοντοστεφάνου
492 2625 738 2696 άντιπνεύσαντος,
754 2628 803 2681 aul
819 2630 869 2697 τῆς
884 2629 1046 2698 στολαρχίας
1062 2626 1148 2682 mavei

52 2696 151 2763 τρόπω
181 2694 342 2767 ἕξεχομένοο
365 2694 402 2759 ὡς
429 2693 506 2750 uicti
529 2697 577 2751 ιιαλ
600 2694 650 2768 σύγ
673 2691 757 2768 έτέρῳ
783 2694 931 2764 δήπουθεν
945 2716 1000 2764 προ
1038 2698 1146 2765 νούσης,

53 2751 233 2835 άναγίιαστολς
248 2763 301 2835 τὴν
320 2764 450 2837 βούλησιν
468 2750 658 2834 μετατίθησιν.
692 2765 821 2839 subditura
846 2763 894 2819 aui
917 2762 953 2834 δὴ
971 2764 986 2819 ό
1002 2714 1056 2835 isia
1073 2769 1147 2819 Κον-

53 2831 227 2901 τοστέφανος
239 2831 409 2899 Ἀνδρόνικος
421 2832 518 2901 ιιύριος
533 2830 709 2902 καθειστήκει
724 2834 776 2886 τοῦ
791 2831 890 2887 στόλου
906 2832 1018 2896 παντός.
1054 2833 1147 2887 lseacii

53 2904 151 2972 Angeli
167 2906 186 2958 l.
204 2906 235 2959 δε
259 2902 361 2957 στέλλει
373 2898 507 2966 Ἰσαάιιιος
522 2901 572 2957 τόν
590 2904 663 2956 ίδιον
687 2897 841 2969 έξάδελφον
862 2906 1087 2969 Κανσταντῖνον,
1112 2897 1147 2953 δν

54 2972 106 3029 aet
121 2973 210 3025 δοῦσα
226 2974 277 3025 cori
292 2967 391 3025 στόλου
406 2970 590 3042 προσεβάλετο.
626 2978 698 3025 Anna
721 2970 852 3024 comnena
874 2966 960 3039 μέγαν
984 2970 1074 3023 δούτα
1087 2966 1150 3022 'Ico-

54 3040 151 3109 σίντην
166 3036 234 3109 μετά
250 3037 350 3095 στόλοο
373 3040 493 3109 μεγάλου
522 3041 549 3092 iu
566 3042 679 3109 Cyprum
695 3040 777 3092 refert
803 3040 905 3092 missum
923 3039 939 3090 l.
957 3039 982 3091 8.
1017 3040 1148 3091 Constan-

53 3112 138 3165 tinum
164 3111 330 3164 Delassenum
353 3112 423 3162 facta
444 3111 476 3163 ad
505 3126 596 3163 nomen
620 3109 743 3161 allusione
767 3102 1017 3173 θαλασσοκράτορα
1041 3114 1147 3175 epatre

53 3180 164 3247 Alexio,
180 3196 300 3233 uovorum
319 3179 442 3232 nominum
460 3188 487 3232 et
510 3179 659 3246 dignitatum
682 3172 815 3239 auctore‚'
828 3170 1095 3245 προκεχειρισμένον,
1117 3193 1149 3229 ec

54 3249 167 3302 interius
190 3248 278 3301 δούιια
302 3248 419 3315 Κύπρου
436 3249 597 3301 nominatum.
632 3246 744 3299 meminit
763 3246 838 3297 etiam
855 3244 938 3312 magni
956 3244 1026 3296 ducis
1043 3246 1149 3297 Latinus

55 3318 275 3385 Tyrius2011:
309 3319 380 3371 misit
398 3331 454 3370 cam
470 3321 553 3371 classe
581 3317 751 3385 megalducas
775 3316 992 3383 consanguineam
1008 3330 1097 3376 σιιαιιι,
1121 3321 1151 3365 et

54 3388 97 3441 22
115 3389 159 3441 11:
181 3389 287 3441 Alesiae
301 3389 478 3457 megalducas,
496 3389 541 3457 qui
557 3388 634 3439 classi
650 3390 708 3437 caut
723 3388 877 3453 praefectus.
912 3383 998 3435 innota
1014 3387 1151 3451 compca-

56 3471 113 3524 que
128 3463 187 3508 sunt
203 3456 268 3508 haec
283 3457 376 3519 verba,
398 3456 471 3509 aium
490 3456 607 3526 quidam:
631 3468 731 3522 equo3
754 3470 804 3504 non
827 3452 977 3503 edisserunt.
1013 3458 1083 3504 certa
1099 3468 1150 3504 nou

54 3524 110 3576 nisi
128 3541 144 3577 a
160 3525 242 3591 Tyrio
258 3524 385 3595 scriptore
402 3527 512 3577 barbare
528 3523 704 3592 megalducas,
726 3517 843 3589 μεγάλος
863 3520 966 3581 δοῦιας
991 3519 1066 3587 vice,
1088 3536 1151 3589 pro-

56 3593 192 3647 nuntiante
211 3610 333 3646 connexa.
367 3611 420 3646 vox
435 3590 552 3663 μεγάλος
565 3592 674 3644 trivialis
688 3592 762 3653 licet,
789 3606 851 3659 prae
866 3586 965 3657 μέγας,
988 3590 1071 3641 minus
1087 3604 1155 3643 eno*
1178 3624 1182 3644 t

57 3661 127 3714 male
142 3670 197 3715 estc
212 3664 298 3715 fateor
314 3662 431 3730 δούσας,
448 3663 504 3715 vice
519 3659 604 3728 δούξ,
620 3659 784 3727 grammatico
799 3660 854 3711 iure
873 3656 1018 3710 recentiore
1034 3656 1121 3710 scribi.

145 3745 206 3822 p.9
220 3757 250 3800 v:
261 3746 289 3807 5.
322 3742 524 3819 Protostrator]
551 3740 684 3801 mendose
705 3737 814 3796 codices
832 3737 958 3795 nonnulli
979 3728 1152 3817 πρατοστά-
1206 3788 1208 3791 .

56 3848 129 3909 amp.
171 3827 286 3886 Nicetes
298 3828 438 3886 existimat
451 3834 662 3905 protodoctorem
674 3843 735 3881 esse
748 3820 914 3882 Latinorum
932 3822 1152 3881 mareschalcum:

56 3914 102 3970 ita
115 3913 189 3971 euim
200 3913 230 3969 in
241 3912 380 3971 Balduiuo
395 3915 431 3969 de
453 3912 578 3970 Gofredo
599 3910 729 3985 loquens:
756 3904 958 3987 μαρέσχαλκος
972 3898 1013 3984 ἦν
1035 3899 1153 3982 deicae

56 3990 188 4078 όύνήρ,
211 3999 300 4076 δηλοῖ
317 3995 349 4059 δέ
369 3989 443 4057 καθ’
462 3996 584 4075 illapsae
603 3993 626 4073 ἦ
648 3988 739 4071 φωνή
755 3988 808 4054 τὸν
827 3985 1081 4071 πρωτοστράταιρα
1099 3990 1154 4069 (ita

57 4084 254 4160 scribendum,
274 4083 299 4140 si
310 4081 443 4141 Latinam
463 4082 648 4158 quantitatem
668 4083 792 4155 spectes:
814 4076 932 4134 occurrit
945 4080 1039 4134 tamen
1055 4075 1153 4133 crebro

59 4188 111 4247 per
155 4192 189 4243 o,
209 4166 480 4249 πρατοστράτορα).
505 4167 625 4225 Ioannes
651 4160 824 4240 curopalate
841 4162 870 4218 in
893 4158 1053 4239 Theophila
1070 4165 1153 4221 vocat

57 4258 121 4326 cada
137 4248 317 4330 ἱπποκόμων
330 4257 464 4332 πρῶτον,
482 4253 549 4329 quie
562 4251 615 4308 illis
634 4250 770 4327 praeerat.
792 4247 875 4306 etiem
887 4245 1005 4327 simplex
1021 4243 1153 4325 στρύτοτρ

57 4346 209 4418 usurpant.
236 4340 354 4397 Suidas:
384 4332 517 4418 στρόταρ
546 4332 624 4407 eliae
642 4329 818 4411 άξιύμστος.
845 4333 875 4391 iu
901 4330 1053 4392 donatione
1075 4329 1154 4387 Con-

56 4427 193 4489 stantini:
211 4426 378 4509 tradamaue
393 4416 539 4512 όφφέιιιον
558 4412 751 4500 ἐποιήσαμεν.
