3092 4942
558 360 607 430 IN
631 360 780 431 comm
805 362 890 431 GAP.
912 361 959 433 Π.
1144 434 1146 443 ,
1230 364 1303 437 185

211 526 360 607 deum
379 532 407 587 el
420 528 563 607 primarios
585 531 674 604 σι’ννν,
692 526 823 609 potr-icem
840 532 1011 591 remuneret
1033 526 1196 591 Coruulcrer.
1224 523 1307 591 aureo

212 630 274 675 uero
286 617 369 691 uirgo
388 618 441 688 erl,
463 634 543 693 quom
564 613 681 675 &debus
695 615 862 679 dcsouluwu
882 615 1017 695 appellat,
1038 614 1208 693 inferioribus
1227 619 1309 677 eliam

212 699 348 762 ordinibus
361 718 480 759 marma
489 700 590 758 inan
605 719 685 776 ergo,
707 700 788 778 idque
800 718 834 759 ex
846 700 932 759 eodem
951 699 1102 758 cassiodori
1116 701 1171 761 loco
1185 700 1309 777 colligere

213 790 261 843 eet.
283 784 378 863 plures
390 782 542 859 aliqasndo
554 790 636 845 mant
652 783 737 863 Cpoli
749 785 802 843 hac
820 785 960 861 dignitate
975 785 1125 865 conspicui.
1146 787 1311 845 Cedrenuse

214 865 287 950 perol
301 866 334 932 di
347 866 399 930 τὸν
412 863 550 932 θάνατον
562 863 778 933 Ἰονστινιᾰνοῦ
789 866 949 949 ἐκράτησεν
962 867 982 932 d
992 864 1119 947 ἀνεψιός
1129 865 1224 932 ἀὐτοῦ
1238 865 1311 935 Ἰον-

215 959 316 1029 στῖνσς
336 952 356 1016 o‘
380 947 441 1015 clod
464 949 708 1034 eoooouolc'rov.
737 959 769 1013 et
796 956 874 1033 apud
894 948 1029 1015 Ioannem
1055 955 1256 1035 Cmopalatam
1282 955 1313 1015 in

214 1039 321 1099 baucio
334 1040 496 1099 comneno:
514 1033 659 1120 Ἰωάννην
669 1035 702 1101 dl
714 1034 770 1103 edu
783 1033 917 1119 diripio
935 1038 987 1101 eol
1001 1036 1185 1102 Κατνκαλών
1197 1036 1249 1102 τᾶν
1262 1062 1317 1103 κε·-

214 1122 366 1202 emptore
386 1119 697 1207 Kouporcoioiroe'uol
715 1118 896 1205 ἀμφοτέροις
919 1126 1000 1210 τιμᾷ.
1020 1142 1072 1183 nec
1092 1124 1235 1205 Cpolitani
1248 1129 1313 1191 tan-

215 1217 294 1288 tum,
316 1210 367 1269 sed
381 1214 410 1267 et
424 1210 512 1268 exteri
524 1210 577 1269 hac
596 1208 993 1287 dignitatehonestubantur,
1013 1210 1131 1269 maxime
1150 1210 1260 1288 Iberes,
1279 1213 1315 1269 nt

215 1300 328 1441 mostap
340 1314 376 1353 ex
394 1295 584 1357 Constantino
597 1296 766 1377 imperatore
784 1295 832 1357 lib.
856 1296 893 1355 de
908 1295 1130 1358 administrando
1150 1294 1271 1375 Imperio
1289 1315 1313 1355 a

214 1379 257 1445 45
267 1385 297 1439 et
328 1382 357 1443 6.
1101 1434 1104 1441 .
1307 1430 1310 1439 .

274 1514 276 1519 .
299 1463 481 1544 Cpolitanum
498 1462 635 1546 palatium
654 1464 696 1523 ita
716 1464 848 1531 describit
868 1460 1062 1544 Luitprandu's
1082 1460 1239 1523 Ticinensis
1258 1458 1313 1527 td
1395 1491 1397 1495 ·

215 1567 307 1608 rerum
317 1569 369 1627 per
380 1548 523 1628 Europam
535 1542 692 1628 gestarum:
714 1538 882 1630 'Gpolc'tonum
895 1550 1030 1629 palatium
1051 1550 1103 1608 r'rou
1114 1546 1313 1627 pulchreiudcire

217 1634 300 1693 solun
319 1653 410 1695 uerunt
423 1640 501 1695 elebat
513 1626 677 1715 fortitudine
696 1627 828 1709 obnibm,
851 1652 1053 1714 moruncurten
1073 1632 1201 1707 uiderim,
1223 1633 1314 1691 uoui-

216 1720 331 1778 tionibur
342 1726 481 1800 proutote
502 1721 573 1799 quod
596 1726 677 1781 σι’σσι
698 1724 760 1796 iugi
777 1717 891 1779 militurn
907 1722 1047 1798 stipatione
1066 1739 1116 1778 non
1140 1720 1248 1777 minino
1269 1716 1314 1773 ob-

218 1807 346 1864 eeroclur.
367 1808 448 1865 morie
461 1809 552 1884 itaqua
573 1813 599 1866 el
617 1806 664 1865 boc
683 1806 744 1885 poll
764 1808 925 1865 matutinum
946 1802 1093 1863 diluculum
1113 1820 1174 1861 mox
1197 1802 1336 1861 cauom

214 1896 322 1969 potere,
336 1896 397 1969 post
409 1894 516 1951 wdone
528 1911 590 1951 uero
606 1892 662 1951 diei
675 1892 782 1965 buum,
802 1893 902 1949 erar‘sris
917 1890 1032 1949 omnibu
1046 1888 1110 1946 doio
1126 1891 1221 1961 siguo,
1245 1884 1315 1963 quod

217 1982 257 2034 est
271 1975 370 2052 Mis,
389 1995 472 2053 aspre
486 1980 517 2035 iu
529 1978 620 2036 borona
631 1996 727 2037 oman
746 1980 848 2035 condis
863 1976 968 2033 edituro
985 1972 1130 2051 probibere.
1151 1972 1210 2029 Sed
1233 1969 1316 2045 quale

192 2120 196 2130 ,
217 2060 272 2119 hoc
280 2062 392 2137 signum
406 2061 512 2120 Mlss
532 2081 570 2120 an
584 2066 665 2121 misso
677 2061 722 2118 ‘uel
732 2061 845 2120 mirsia?
865 2060 942 2135 quod
956 2064 1001 2117 est
1013 2057 1105 2117 ilicet?
1117 2062 1148 2115 nt
1161 2056 1230 2131 qnid
1247 2056 1317 2111 haec

218 2142 322 2206 Latina
335 2147 412 2224 apud
422 2146 569 2205 Graecos‘l
588 2149 625 2205 ah
635 2146 723 2204 miso?
735 2166 803 2204 nom
813 2144 1012 2224 posterioribus
1022 2142 1137 2225 Gratiis
1150 2142 1220 2202 haec
1232 2140 1318 2198 dictio

219 2237 356 2309 usurpata
367 2232 428 2290 fuit
449 2232 513 2291 vide
523 2223 677 2291 Meursiur'n
691 2250 716 2290 v.
732 2232 831 2291 Mloo.

288 2342 347 2395 Vox
376 2344 404 2397 in
440 2347 578 2400 Graeciam
607 2345 689 2400 serios
724 2344 845 2409 invecta,
874 2360 891 2395 a
927 2342 1026 2395 hodnis
1060 2340 1167 2411 primum
1201 2336 1319 2417 invento,

221 2429 287 2466 caro
308 2414 424 2481 palatii,
455 2432 507 2483 qua
534 2415 558 2468 is
589 2415 752 2482 magistratus
776 2412 927 2481 intelligitur
974 2411 1000 2464 ui
1023 2410 1121 2481 polotri
1150 2424 1239 2461 eurora
1264 2410 1319 2473 ogrt

221 2489 250 2533 et
271 2489 375 2534 aornim
402 2485 501 2551 polotii
523 2490 685 2554 nuncupatur
706 2483 733 2535 in
764 2482 891 2536 nonnullis
915 2478 1067 2534 editionibus
1090 2477 1148 2532 eod.
1167 2474 1268 2528 Theod.
1287 2473 1322 2555 da

223 2549 318 2602 Gemit.
341 2556 368 2602 et
391 2552 468 2606 Trib.
493 2554 612 2607 scholar.
636 2553 655 2605 l.
680 2553 705 2607 6.
732 2552 890 2619 eundemque
912 2568 972 2603 reor
1001 2564 1075 2619 quem
1097 2546 1270 2612 Theophanes
1292 2558 1321 2594 rn

222 2618 350 2672 Mauricio
367 2620 480 2674 celebrat
494 2618 661 2689 aoooclcuou
678 2621 734 2674 τῶν
752 2619 899 2690 βασιλικῶν
915 2620 1011 2685 olicus,
1028 2618 1061 2670 ad
1082 2615 1154 2668 cuius
1171 2612 1322 2693 dignitatem

223 2695 253 2741 ut
274 2688 457 2757 imperatoriae
479 2691 618 2759 proximam
642 2706 754 2742 summos
770 2689 842 2741 viros
859 2689 901 2739 vel
919 2689 1046 2758 aspirasse
1062 2685 1104 2738 vel
1121 2689 1224 2735 erectos
1240 2682 1322 2763 iussae

224 2762 364 2809 memorant
386 2758 515 2813 historiae.
550 2758 683 2813 Iustiniani
704 2774 784 2825 napos
802 2757 912 2809 lustinus
930 2749 1159 2821 aovoorrotoitrpe,
1178 2750 1217 2802 ito
1233 2748 1322 2801 scnbrt

224 2826 411 2894 Theophanes,
430 2846 462 2881 er
478 2829 652 2898 curapalatii
665 2826 756 2894 (dictio
776 2826 925 2879 Marcellino
946 2824 1063 2894 propria)
1082 2818 1226 2873 conscendit
1240 2818 1323 2887 impe·

223 2894 297 2947 rium.
333 2896 388 2948 Leo
411 2905 571 2969 nuncupatus
592 2898 696 2949 isaurus
719 2894 889 2947 Arlahaedhm
908 2892 968 2946 date
984 2894 1010 2945 in
1027 2891 1159 2957 coniugem
1176 2888 1231 2939 lilia
1244 2902 1322 2941 curo-

225 2963 335 3034 palatem
352 2961 428 3029 lecit,⁴
444 2984 476 3019 ex
490 2968 580 3020 eodem
596 2965 768 3035 Theophane,
786 2965 829 3033 qui
843 2962 995 3017 Mauricium
1014 2975 1117 3039 quoque
1132 2954 1321 3036 nepotemDo-

225 3034 368 3087 mentiolum
385 3052 416 3088 eo
438 3036 514 3089 titulo
539 3037 621 3088 refert
635 3034 747 3088 auxisse.
782 3031 849 3086 hunc
864 3032 985 3085 honorem
1002 3025 1159 3085 Domentrolo
1172 3026 1245 3077 fratrs
1259 3039 1321 3073 oon-

225 3102 284 3154 tulit
302 3103 418 3167 Phocoe,
441 3111 472 3158 ut
498 3103 630 3157 cedrenus
653 3104 679 3158 in
703 3102 757 3156 eius
781 3101 851 3167 vita,
876 3103 903 3151 et
925 3100 1021 3169 pariter
1044 3092 1320 3165 germanor'l'heodoro

225 3170 374 3237 Heraclius,
400 3178 429 3225 ut
444 3172 605 3243 Nicephorus
621 3172 648 3225 in
664 3168 806 3229 Breviorio.
841 3168 951 3222 Michael
970 3168 999 3220 S.
1025 3163 1120 3235 ignatii
1136 3168 1210 3233 pater
1227 3176 1321 3244 exuru-

226 3241 343 3309 ropalate
362 3243 446 3295 lactus
463 3249 504 3296 est
518 3244 666 3313 imperator.
690 3238 792 3293 Barda·
808 3238 908 3306 ignatio
925 3236 1056 3301 inienuus,
1072 3248 1191 3287 summam
1208 3230 1321 3313 umbrans

226 3316 396 3379 potestatem,
416 3311 575 3382 curopalates
593 3311 717 3382 primum,
740 3313 795 3361 tum
818 3309 918 3362 Caesar
934 3313 974 3359 est
990 3306 1126 3361 mutatur.
1160 3300 1192 3352 de
1209 3315 1263 3363 erus
1279 3315 1321 3349 rn-

226 3378 339 3446 eignibus
355 3387 383 3433 et
398 3381 542 3447 ministeriis
561 3397 606 3434 auo
630 3380 700 3446 locos
724 3378 800 3448 plura
823 3382 851 3429 et
873 3376 977 3429 diversa
1000 3374 1114 3457 reperies
1140 3368 1208 3452 apud
1233 3368 1322 3420 Meur-

227 3447 309 3511 sium,
333 3451 501 3516 Gretserum,
522 3451 706 3519 Bulmgemm,
732 3447 871 3499 Fabrotum
888 3444 915 3499 in
933 3444 1043 3498 Cedrenr
1063 3442 1213 3501 Glossema,
1228 3436 1324 3504 Demp-

228 3522 321 3571 sterum
339 3517 477 3589 denotiq.
495 3521 572 3575 Rom.
591 3520 655 3584 14,
681 3518 806 3570 Severum
831 3514 858 3569 in
875 3514 975 3568 Sidonii
991 3510 1145 3583 Apollinaris
1163 3523 1262 3559 carmen
1278 3502 1323 3560 23.

311 3628 339 3686 P·
355 3610 415 3670 9V·
431 3612 480 3675 13.
514 3608 533 3674 ri
551 3599 820 3691 παρακοιμῶμενος
844 3606 899 3683 τῆς
926 3595 1106 3682 σφενδόνης]
1128 3596 1223 3655 Iunius
1243 3614 1325 3655 occu-

227 3694 296 3753 bitor
304 3692 417 3770 fiendae.
437 3696 466 3753 in
477 3696 604 3775 catalogo
614 3694 687 3753 luris
696 3688 941 3751 Graeco-Romani
955 3686 974 3751 d
988 3678 1327 3779 nooonorpro'psuogrric

229 3772 358 3857 μεγάλης
376 3776 562 3861 σφενδόνηςι
583 3783 722 3858 interpres
739 3778 874 3835 amantor
895 3790 1008 3849 magnos
1019 3770 1109 3849 polee.
1131 3788 1185 3845 ego
1200 3778 1329 3825 versione

228 3883 292 3922 mea
303 3884 363 3921 rem
375 3866 466 3943 ipsam
478 3868 615 3945 explicare
626 3863 735 3940 studui,-
745 3872 808 3920 'cum
822 3858 890 3919 nihil
902 3861 1037 3936 suppetat
1048 3856 1124 3930 quod
1139 3852 1247 3911 Graece
1260 3854 1329 3947 apte

229 3950 374 4028 exprimat.
393 3972 459 4011 nam
475 3944 743 4030 accusorpo‘usuoe
755 3949 811 4005 iste
827 3950 890 4005 eret
907 3942 1033 4021 sigillifer
1050 3958 1100 3999 seu
1119 3943 1214 3998 custos
1233 3932 1329 3995 annulr

229 4036 414 4115 inperatori,
448 4057 505 4115 quo
533 4038 631 4096 literae
655 4032 893 4111 obsignabantur3
922 4028 970 4107 qui
999 4025 1118 4086 annuus
1143 4028 1194 4103 p'er
1218 4027 1329 4116 partem

229 4140 326 4198 suem,
358 4141 459 4201 nempe
484 4112 729 4202 perspectivas
755 4136 807 4175 seu
826 4116 935 4197 polum,
961 4112 1144 4192 significatur:
1165 4126 1231 4189 pars
1254 4124 1329 4168 emm

230 4206 300 4265 haec
318 4208 405 4266 servit
417 4210 595 4288 signatum,
618 4210 651 4264 ut
666 4205 707 4262 sic
721 4203 830 4279 loquer.

299 4305 414 4359 Annulos
445 4304 599 4374 signatorios
631 4302 687 4355 sive
714 4300 797 4367 sigilla
820 4296 847 4351 ln
875 4294 974 4351 annulis
1000 4294 1084 4349 adhuc
1108 4286 1244 4362 postremis
1268 4278 1329 4341 saa·

232 4374 296 4429 culis
314 4374 480 4446 imperatores
496 4385 614 4444 gestasse
636 4372 749 4426 declaret
772 4368 883 4425 Nicetes
905 4364 1001 4421 tumis
1020 4364 1113 4417 losnne
1125 4360 1255 4417 Gomneno
1273 4361 1329 4411 stc*
