3092 4942
545 301 592 369 IN
621 301 767 370 conlui
796 302 879 371 CAP.
904 300 946 369 11.
1177 362 1180 367 .
1223 302 1290 375 tat

200 458 375 531 pordspoicoos
392 460 568 533 'l'hotnamque
586 462 619 517 ab
637 462 724 517 eodem
742 460 830 516 Leone
846 454 1022 533 τουρμολργην
1045 462 1098 515 sod
1120 456 1294 549 qordspoiroo

199 526 337 599 τάγματος
351 531 490 583 institutum
506 531 620 601 legimus.
656 548 774 585 successu
793 532 912 615 temporis
935 526 1096 599 rposdsqoiccc
1122 534 1148 586 in
1170 534 1295 599 ιταιρίας

199 600 304 663 mutati,
329 616 436 667 qnorum
462 598 519 651 duci
543 594 719 670 ἕταιριόργου
735 617 825 655 nomen
842 599 994 671 impositum.
1028 600 1082 652 Leo
1106 602 1292 655 Grammaticus

199 669 231 721 de
244 668 369 720 Michaelc
383 666 518 736 Theophili
529 668 597 720 filio:
609 666 779 737 Ιπαρὲδωιιεν
790 668 942 737 Βασίλειον,
954 668 998 731 ait,
1010 660 1121 743 ’,ίνόρέᾳ
1132 664 1294 741 ἕταιριολργῃ

198 738 249 789 τοῦ
267 732 340 790 είναι
356 733 396 797 είς
412 731 465 803 τὴν
482 728 616 803 ἕτυορίαν.
635 756 667 790 ex
684 738 794 798 Scythia
812 736 943 807 siquidem,
961 736 1109 808 parentibus
1125 739 1186 791 licet
1200 740 1294 793 Mace-

199 806 319 868 donibus,
347 805 466 856 oriundas
491 813 548 857 erat
565 806 682 859 Basilius.
717 806 903 858 hetaeriarches
920 806 1006 875 itaqua
1026 806 1121 858 exteris
1140 807 1200 861 helii
1218 807 1293 861 sociis

197 876 351 945 praefectus,
367 878 397 925 ut
412 879 519 925 turmam
537 892 570 927 cx
586 874 704 927 militibus
720 874 800 926 variis
819 874 961 927 nationibus
978 873 1041 928 ortis
1059 874 1171 945 collegit,
1187 875 1225 929 ita
1235 878 1291 929 tos-

197 943 293 995 derstis
309 936 382 994 susci
399 937 540 1007 διαφόρου
557 940 606 995 sul
622 942 771 1012 συμμιγοῦς
785 937 951 1011 φερομένοις
967 940 1115 1011 πλήθους,
1139 943 1176 996 ait
1200 945 1294 1011 Olym-

198 1011 319 1081 piodorus
336 1010 403 1081 apud
418 1011 547 1075 Photium,
565 1012 688 1065 succedit.
725 1012 792 1064 haud
805 1019 887 1065 tamen
900 1011 1014 1064 omnihus
1025 1012 1180 1083 imperabat:
1201 1012 1294 1065 Franci

198 1080 261 1133 euim
280 1078 479 1139 constabulario.
506 1079 618 1147 Barangi
641 1078 717 1149 Angli
734 1081 852 1137 acolutho
869 1086 920 1136 etc.
938 1081 1068 1133 suberant.
1103 1080 1230 1149 reperitur
1246 1083 1294 1133 he·

197 1150 352 1201 taeriarcbas
376 1149 458 1201 Parsa
476 1149 564 1203 Persis
591 1148 740 1218 inperitans
765 1149 833 1219 apud
853 1148 964 1208 hecnam
981 1150 1180 1203 Grammaticus
1196 1150 1222 1203 in
1239 1150 1292 1203 hli-

201 1217 287 1271 chaslc
300 1216 445 1288 Theophili.
480 1217 731 1271 vidacaatacuaeni
751 1221 828 1275 120.
1009 1232 1012 1239 ’

278 1324 446 1401 pionii.
477 1321 600 1400 Magnus
626 1321 821 1403 chartuluiua]
848 1322 977 1385 arnhibu
1002 1325 1086 1385 etism
1110 1318 1291 1405 γαρτουλλό·

196 1429 274 1488 ριος,
296 1406 427 1465 acharta
452 1408 550 1482 utique
565 1409 677 1466 nomina
692 1409 795 1481 ducto;
821 1410 921 1486 quiet
943 1411 974 1467 in
995 1410 1124 1487 ecclesia,
1151 1416 1185 1469 ut
1203 1415 1321 1487 suprax

196 1492 383 1569 summimus,
404 1497 434 1551 et
453 1493 481 1549 in
502 1492 584 1570 arula,
603 1498 637 1551 ut
656 1494 711 1551 iste
736 1494 847 1569 dequo
866 1494 895 1553 in
913 1496 1069 1574 praesenti3
1091 1512 1174 1570 quem
1195 1495 1289 1552 Zona-

195 1597 242 1635 ras
266 1577 295 1635 iu
315 1574 411 1635 Leone
431 1574 551 1636 Isaurico
574 1583 657 1638 vorat
677 1582 739 1641 suiv
762 1580 1046 1659 paedicavimus
1068 1578 1286 1641 inscrutatione.
1393 1586 1396 1593 '

195 1667 256 1721 erat
273 1662 361 1727 etiarn
371 1662 493 1738 dignitas
506 1663 678 1722 cubicularia.
697 1663 763 1723 binc
774 1662 895 1723 Novella
913 1669 933 1730 8
947 1664 1095 1736 Iustiniani
1108 1660 1288 1745 γαρτονλλό·

194 1769 259 1828 ριος
281 1750 343 1807 ταῖν
369 1750 463 1807 θείων
488 1741 654 1811 ιιοιιόνιιν.
685 1753 717 1807 et
742 1749 774 1807 iu
800 1748 910 1810 Notitia
933 1750 1174 1809 Consuehudinunr
1200 1748 1288 1807 hahes

193 1832 439 1912 γαρτουλλαρίους
448 1835 503 1894 τοῦ
513 1832 602 1893 θείου
615 1833 839 1913 κυυβυυιιλείου.
855 1834 1037 1893 chartularius
1051 1834 1162 1891 bellicus
1172 1833 1287 1892 mihtem

194 1916 374 1993 conquirebat
389 1922 419 1975 et
431 1916 638 1997 conscribebat,
658 1924 691 1979 ut
700 1918 790 1996 liquet
802 1938 837 1979 ex
851 1920 1006 1983 Constitii
1024 1916 1126 1979 Leonis
1141 1918 1211 1999 Imp.

261 2032 434 2099 scriniarius,
459 2032 541 2101 inquit
563 2034 700 2088 Meuasius.
725 2034 834 2104 optinet
857 2048 913 2086 uam
936 2038 964 2085 ei
984 2030 1191 2115 Etpmclogicuar
1211 2036 1287 2083 vetus

194 2100 361 2152 chartularios
384 2102 637 2167 commentarienses,
663 2100 771 2173 publicio
798 2101 877 2156 literis
901 2101 995 2155 tabulis
1024 2100 1197 2154 instrumentis
1221 2099 1287 2152 scri-

192 2167 281 2221 bendis
297 2175 325 2220 et
348 2170 516 2222 retractandis
540 2172 685 2255 praefuisse
707 2172 791 2225 docet.
826 2177 856 2225 at
875 2186 931 2223 cum
954 2171 1039 2239 plures
1066 2186 1198 2221 numerare
1242 2184 1287 2220 os·-

192 2238 227 2289 sis
243 2237 398 2301 huiusmodi,
427 2240 549 2307 huncqui
573 2256 662 2293 cursus
686 2242 799 2323 publici,
830 2241 883 2294 τοῦ
907 2232 991 2303 όξίας
1015 2234 1137 2306 δρόμου,
1162 2238 1189 2289 in
1215 2186 1288 2291 don-

191 2307 302 2359 stantino
318 2308 559 2375 Porphyroganeta3
576 2309 651 2361 aliurn
667 2308 746 2362 dadai
764 2308 874 2363 cubiculi
885 2308 991 2361 Novell.
1005 2307 1048 2370 25,
1063 2306 1116 2359 τοῦ
1126 2306 1209 2359 θείου
1221 2322 1288 2358 τιον-

195 2374 356 2445 βουιιλείυυ,
382 2377 426 2443 qui
450 2384 477 2429 at
501 2378 557 2429 sais
572 2379 662 2431 θείαν
673 2376 814 2431 socchus
830 2379 857 2431 in
875 2378 975 2444 Ecloga
992 2376 1045 2433 Lh.
1063 2376 1156 2427 Leonis
1173 2381 1200 2426 at
1216 2375 1288 2427 Gon·

192 2443 313 2505 staatini3
335 2446 415 2511 magis
440 2445 447 2458 '
472 2445 584 2513 equitem
608 2446 683 2499 alium
708 2447 740 2501 L.
760 2449 778 2502 6
797 2446 853 2500 σοό.
878 2446 979 2499 Theod.
1003 2444 1034 2497 da
1051 2443 1143 2499 divers.
1161 2444 1240 2497 Ollio.
1258 2446 1288 2497 et

193 2513 324 2583 Apparito.
344 2520 371 2564 at
396 2515 482 2581 proba.
498 2516 515 2565 l.
533 2515 566 2578 83
592 2524 707 2585 quartum
732 2512 882 2584 Θεόδωρον
903 2510 954 2568 τόν
970 2513 1100 2581 Χοῦμνον
1116 2509 1287 2581 γαρτοολλό-

188 2598 253 2648 ριον
269 2576 340 2635 dno
354 2583 411 2634 cois
427 2577 633 2651 incardium
652 2584 720 2654 apud
736 2584 855 2639 Niceten
872 2585 892 2641 l.
909 2585 928 2638 3
944 2582 1051 2647 isaach,
1071 2591 1099 2637 et
1112 2583 1181 2649 apud
1197 2582 1287 2635 Zona·

190 2667 244 2703 rani
263 2650 288 2701 in
307 2650 392 2703 Leone
406 2652 494 2703 isauro
512 2651 660 2721 βασιλικῶν
673 2653 769 2705 inm
791 2648 1005 2716 ἐπιστατοῦντας
1035 2650 1061 2702 in
1080 2651 1193 2702 exercitu
1210 2650 1286 2703 aliurn

190 2719 303 2841 §liciti
319 2716 521 2841 fibulati
538 2721 706 2842 illidi
718 2722 758 2845 1¹¹¹
780 2719 1286 2854 illiti-illlcltttl‘llst?

189 2853 292 2923 θὲτου)
310 2806 361 2909 oda
378 2850 486 2924 ὀλίγους
502 2858 557 2910 τῶν
573 2809 756 2926 γραφόμόνωόι
771 2808 819 2911 dot
838 2854 1005 2927 λεγομένων,
1029 2806 1137 2924 λογίόόις
1155 2805 1283 2923 ςόῖνιίρόςγ

191 2936 218 2977 ct
233 2930 357 2995 quotquot
373 2925 435 2978 alios
451 2926 596 2978 scriniarios
614 2946 646 2980 cx
658 2928 755 2997 imperii
767 2928 855 2980 notitia
868 2924 1022 2993 assignabiss
1039 2925 1080 2975 hic
1094 2932 1177 2977 tamen
1189 2922 1284 2993 μέγας,

190 2994 313 3063 adquam
328 3004 427 3047 caetera
453 2998 624 3064 assectantur,
650 3004 696 3049 aut
721 2997 765 3067 qui
791 2996 900 3065 reliquos
927 2996 1021 3047 honore
1042 2991 1215 3061 praecederet.
1251 2990 1283 3063 da

190 3063 312 3114 ecclesiae
335 3062 505 3126 chartulario,
528 3071 558 3114 ut
580 3064 684 3117 alterius
709 3066 820 3127 ordinis,
844 3064 878 3115 nil
900 3064 926 3114 in
952 3060 1086 3132 praesenti.
1120 3076 1209 3127 magno
1227 3060 1284 3111 huic

190 3132 318 3183 exercitus
338 3132 483 3183 commissos
507 3132 614 3200 legimus
638 3134 706 3203 apud
727 3135 847 3187 Nicotaus
871 3131 898 3184 in
920 3130 1040 3184 Mauuela
1056 3130 1075 3185 l.
1091 3130 1125 3198 3,
1149 3128 1176 3181 iu
1192 3128 1283 3182 Alexio

190 3200 243 3254 eius
259 3200 332 3267 filio,
347 3200 374 3251 in
391 3201 487 3253 isaacio
503 3201 603 3269 Augelo
619 3202 636 3259 l.
653 3204 680 3257 θ.

272 3289 408 3364 Sedquid
424 3289 453 3347 in
466 3287 591 3366 Legibus
606 3288 746 3349 Francicis
765 3288 818 3352 l.6
842 3288 900 3351 108
922 3286 995 3345 ίιυνιυ
1014 3286 1213 3347 chartularius?
1232 3292 1282 3362 est,

187 3373 280 3448 inquit
299 3373 432 3432 Pithoeus
451 3375 481 3432 in
502 3375 660 3451 Glossario,
681 3377 754 3435 ίιοιιιο
776 3394 824 3453 per
853 3374 972 3431 ιίιοτίουι
991 3376 1048 3431 sive
1069 3393 1117 3450 per
1143 3372 1279 3451 epistulam
1296 3387 1316 3443 Ρ
1336 3392 1386 3447 192

187 3459 254 3516 liber
271 3460 375 3538 fuctus.
397 3460 485 3518 isberti
503 3460 675 3520 accusatus·
696 3466 790 3533 στοαί,
820 3459 860 3517 ait
883 3456 952 3516 alius
970 3458 999 3515 in
1016 3458 1091 3515 notia
1117 3458 1155 3515 ad
1178 3455 1282 3514 Parae-

186 3563 285 3620 neses‚
307 3546 400 3622 quidus
413 3545 614 3605 archidiaconus
635 3546 739 3605 iudcdot
760 3544 842 3603 scrids'
861 3542 968 3601 chartus
989 3542 1127 3601 tabulasue
1151 3546 1281 3603 missimus

186 3650 234 3687 seu
248 3633 466 3689 commissionis.
487 3631 555 3691 assde
575 3632 736 3691 chartularii
745 3636 770 3689 ei
788 3628 1063 3705 ίοόαίοτίίιιοιοίιιοίί.

254 3743 293 3795 ab.
309 3759 336 3795 v.
354 3744 379 3797 7.
411 3736 427 3794 ό
446 3738 599 3813 λογυθὲτης
613 3744 665 3798 rosi
681 3741 788 3812 duduco
804 3741 943 3799 σοίίοιιαίίσ
960 3756 1070 3806 cursus,
1093 3754 1207 3792 υυοιοιυσ
1223 3756 1282 3791 cur·

185 3826 272 3863 sorum
285 3828 398 3880 praesu.
434 3812 467 3864 de
483 3830 557 3865 cursu
575 3815 676 3884 publico
692 3813 834 3884 Procopius
851 3806 881 3865 ἐν
899 3806 1075 3869 ολνειιᾶότοιςι
1101 3810 1214 3861 Romam*
1229 3812 1281 3860 ιὀι-

183 3888 320 3949 perotores
341 3882 387 3948 qui
405 3890 484 3934 osteo
489 3887 602 3948 suerunt
612 3884 715 3936 modum
727 3886 909 3953 cscogs'toruut
923 3896 971 3947 quo
986 3888 1079 3929 cuncto
1090 3878 1138 3930 sibi
1150 3894 1227 3946 quous
1240 3896 1283 3930 cs-

185 3951 290 4001 isrn'me
297 3956 401 4019 possent
413 3952 531 4001 auctiori
538 3991 545 4019 ,
568 3958 594 4003 et
615 3960 647 4005 ut
658 3956 758 4005 scirent
766 3970 834 4021 quac
845 3952 937 4016 ubique
950 3948 1018 3999 iuter
1030 3948 1115 3999 hostes
1127 3954 1271 4015 agereatur

185 4024 214 4069 st
230 4021 254 4069 si
272 4036 324 4087 quo
340 4020 368 4069 in
387 4020 535 4071 civitatibus
546 4021 638 4073 seditio
650 4022 691 4073 usi
701 4022 765 4089 quid
777 4020 852 4073 aliud
863 4017 1029 4085 improvisum
1044 4018 1228 4084 aprocss'ds'dus
1239 3986 1283 4068 aad
1372 4056 1375 4070 .

187 4086 263 4138 ols‘ud
281 4088 503 4155 quomodocunque
513 4092 641 4153 ουίιυλυτ,
663 4096 689 4142 ct
704 4098 733 4141 ut
746 4106 835 4142 annam
846 4088 947 4140 tributu
958 4086 1079 4136 uelociter
1091 4092 1115 4136 et
1126 4092 1183 4137 tuto
1194 4092 1282 4137 truns-

185 4158 356 4210 mitterentur.
389 4160 520 4225 publicum
538 4174 603 4225 crgo
621 4165 648 4211 st
667 4160 773 4210 celerem
788 4158 915 4229 quendam
929 4156 1021 4221 ubique
1033 4170 1135 4205 cursura
1146 4155 1192 4206 hoc
1205 4154 1282 4206 modo

184 4225 359 4279 instituerunt.
395 4228 450 4278 oiro
463 4229 579 4295 expedito
591 4229 627 4279 cd
637 4228 689 4280 iter
700 4228 754 4280 dici
764 4228 890 4280 stationes
901 4228 1104 4287 constituerunt,
1126 4223 1282 4291 quandoque

184 4300 256 4362 octo,
282 4293 434 4365 quandoque
450 4299 601 4366 pandoces,
623 4314 677 4352 aon
695 4303 784 4353 sanes
799 4298 885 4351 caicus
901 4294 1029 4364 quiaque,
1053 4292 1120 4359 quod
1136 4292 1278 4360 plurimum
