3092 4942
277 309 350 384 154
435 307 646 383 anensem
661 308 717 375 ar
736 305 869 379 ooanr
883 306 1211 374 comminamus
1304 273 1309 281 ’

271 479 366 558 officio
388 467 613 554 duomticorum‚'
632 478 663 533 et
686 473 763 548 apud
785 471 926 533 Codinum
951 491 975 531 ο.
997 470 1141 536 ieiumi
1164 471 1365 554 dopsoruueiou

272 560 456 644 (lopiacum,
475 568 506 620 et
524 580 548 620 a
563 560 583 626 5
602 559 798 637 dopeoriurov.
1148 604 1151 610 ,

339 693 366 744 p.
385 676 404 729 6
424 691 451 726 r.
475 674 501 728 6.
528 673 701 726 domesticum
724 671 836 723 dicemus
860 669 995 740 aliquando
1016 669 1186 758 praepositum
1209 640 1360 737 significare.

271 745 306 798 ds
315 744 371 797 istis
384 742 483 796 duobos
494 743 627 811 utriusque
638 740 708 794 chori
723 740 830 793 ducibus
842 739 983 802 Allstisnas
1002 755 1029 791 οι
1041 735 1093 790 δύο
1105 735 1260 806 donicatum
1272 738 1364 790 irruu-

271 831 320 868 ται
342 807 374 866 ἐν
394 815 456 873 τοῖς
478 807 530 864 dio
552 814 647 880 χοροῖς
671 804 740 876 μετὰ
763 809 815 861 τοῦ
831 804 1053 875 coaceruatim,
1079 805 1129 858 aul
1143 803 1296 874 ψάλλοντες
1312 823 1364 873 φο-

271 882 352 946 ροῦσι
368 875 547 948 οφικτούριοι,
570 875 608 941 ὥς
622 871 833 946 noncupatum.
866 875 1014 930 domesticis
1031 875 1170 942 adiungunt
1187 871 1239 928 δύο
1258 892 1366 944 appopi-

273 949 388 1020 κηρίοις
398 944 560 1017 ἴοναμένοοε
574 942 644 1017 μετὰ
661 946 716 1002 τῶν
728 944 911 1015 dunensium·
927 941 1081 1015 ψάλλοντες
1090 941 1139 997 καὶ
1150 939 1241 998 οὔτοί.

355 1055 422 1117 aid.
437 1073 463 1114 v.
476 1058 506 1118 7.
528 1054 662 1128 Sequitur
682 1044 905 1130 λαοσιινᾶιιτης,
925 1050 964 1108 ad
979 1049 1094 1107 verbum
1107 1048 1202 1126 populi
1215 1055 1367 1108 caiaocator

270 1137 600 1217 etccngregator,’1unio
614 1141 701 1214 cocio,
718 1137 769 1193 sed
782 1135 862 1194 uibili
873 1139 951 1194 cocio.
973 1135 1096 1192 eiusdem
1109 1134 1233 1192 meminit
1251 1135 1367 1210 Citrios,

270 1227 369 1285 eodem
391 1224 503 1284 nomine
523 1224 661 1300 interpres
684 1221 794 1297 reddit,
821 1219 913 1296 populi
937 1225 1054 1288 coactor3
1075 1225 1215 1277 corrector
1238 1219 1367 1295 correxit,

270 1311 390 1369 collator
408 1309 468 1368 sive
487 1314 669 1384 congregator.
696 1306 775 1366 caios
796 1305 918 1366 officium
940 1303 1050 1384 publico
1068 1303 1150 1384 signo
1173 1303 1310 1383 populum
1329 1304 1367 1362 ad

191 1422 195 1430 ·
269 1414 330 1455 rem
343 1395 465 1453 divinam
480 1411 640 1454 convocare

339 1507 411 1560 Duos
430 1504 546 1560 scribunt
566 1504 709 1569 libatione,
740 1506 769 1556 et
787 1497 981 1564 λιιοοννοὶιινιις
1000 1507 1112 1556 vocant:
1143 1495 1174 1555 oi
1193 1496 1249 1555 dria
1265 1503 1368 1554 lucau-

273 1573 380 1628 νᾶπται
396 1578 449 1645 (--
458 1593 523 1630 urus
539 1573 581 1639 Μ)
598 1568 748 1640 συνάγουσι
763 1567 830 1634 τούς
846 1567 1007 1639 διακόνους,
1023 1569 1073 1624 καὶ
1089 1565 1307 1639 ἀναγορεύουσιν
1319 1570 1370 1622 ivos

269 1638 412 1767 ,ἐιὴκλλείίιὲῃ
430 1643 533 1706 susem·
566 1638 717 1712 οννοίκοοοι
738 1635 772 1697 db
793 1634 859 1708 robe
881 1635 1020 1712 ἄρχοντας
1043 1637 1092 1694 καὶ
1107 1634 1157 1694 τὸν
1174 1634 1243 1694 iudo
1260 1635 1300 1702 rie
1315 1633 1369 1708 τὴν

288 1731 305 1768 ιι
338 1730 372 1781 ην
403 1731 429 1766 ν.

358 1816 557 1896 InTypicoS.
571 1816 664 1876 Sabae
679 1816 790 1876 videtur
808 1814 943 1894 appellari
961 1809 1190 1896 κονὸηλοὶνινης,
1211 1835 1231 1874 a
1250 1813 1366 1874 concidis

274 1903 461 1962 accendendis:
477 1904 558 1962 huius
575 1904 649 1962 enim
664 1903 749 1960 etiam
763 1896 944 1982 catapotium
959 1898 1013 1976 τοὶς
1031 1899 1142 1980 βαρέος
1162 1897 1212 1961 uul
1233 1893 1268 1961 ab
1285 1899 1367 1998 oedip·

272 1988 368 2065 ροῦν,
391 1989 524 2065 quaeillis
541 1987 603 2046 loco
619 2006 806 2064 campunarum
818 1991 913 2064 erant,
933 1985 984 2048 καὶ
999 1987 1155 2064 σημαίνειν
1169 1980 1203 2046 ud
1219 1983 1292 2064 pipo
1311 2000 1367 2061 οη-

271 2095 414 2154 μαντρον.
444 2074 521 2132 varia
541 2075 615 2131 enim
637 2072 721 2148 signa
746 2073 869 2149 dabant,
897 2077 931 2130 ut
953 2076 982 2129 et
1000 2072 1078 2148 apud
1101 2089 1153 2128 nos
1174 2069 1234 2129 lieri
1255 2067 1367 2129 assolet

112 2189 116 2196 -
183 2184 187 2198 ι
270 2157 335 2214 vide
356 2158 550 2217 Balsamonem
573 2159 603 2216 in
626 2158 821 2216 dissertatione
849 2175 898 2214 cor
926 2155 1054 2214 monachi
1078 2155 1167 2214 tribus
1189 2154 1277 2232 signis
1299 2171 1368 2212 suos

270 2241 308 2300 ad
323 2261 403 2300 sacra
417 2247 586 2319 convocent,
605 2261 668 2299 cum
681 2242 726 2298 alii
742 2261 799 2300 uno
812 2241 894 2317 signo
910 2241 1036 2299 contenti
1052 2241 1117 2298 sint.

355 2327 421 2386 ibid.
435 2346 462 2384 v.
475 2331 504 2390 8.
525 2327 649 2395 Quartus
665 2325 695 2382 in
710 2326 763 2384 hac
776 2325 900 2402 pentade,
912 2330 957 2396 est
973 2323 1220 2406 ὄπ’ριμμικήριος-
1239 2326 1301 2385 τοῖν
1317 2346 1368 2384 να-

270 2411 450 2490 βοολιιρίοικ.
491 2409 588 2467 Iunius
603 2410 804 2486 interpretatur
819 2413 960 2473 notorium
979 2410 1020 2468 sic
1037 2411 1111 2469 enim
1132 2411 1211 2468 initio
1232 2408 1369 2468 nominari

269 2495 380 2552 videtur
395 2495 432 2552 ab
445 2494 507 2570 ipso
525 2493 637 2550 Codino
655 2513 683 2570 p.
700 2496 718 2556 1
739 2494 783 2553 ed.
802 2492 879 2558 Iona
899 2514 963 2554 com
984 2496 1060 2555 enim
1074 2496 1214 2554 noterium
1233 2494 1369 2570 nominet,

270 2598 303 2636 ac
330 2584 429 2656 postea
450 2577 561 2654 singula
582 2577 720 2636 officia-in
738 2580 878 2657 pentadas
903 2580 1033 2656 digerens
1061 2580 1097 2637 de
1119 2581 1232 2640 notario
1252 2597 1369 2656 prorsus

270 2663 369 2742 sileat,
390 2662 519 2722 credibile
531 2667 576 2721 eat
591 2663 732 2722 Codinum
750 2664 865 2722 nomine·
876 2668 1021 2741 primicerii
1044 2665 1236 2724 tabulariorum
1258 2663 1366 2722 intelle·

270 2749 345 2807 risse
368 2750 509 2807 motorium.
542 2748 620 2823 quod
639 2749 713 2806 forte
734 2768 831 2807 verum
857 2754 917 2827 est,
951 2751 1002 2813 sed
1024 2750 1117 2809 nescio
1143 2750 1284 2826 quomodo
1303 2767 1366 2806 cum

271 2833 344 2892 Iunii
364 2833 503 2891 sententia
525 2828 687 2910 conveniat,
714 2834 763 2908 qui
781 2837 960 2911 primicerium
992 2834 1022 2892 in
1048 2835 1146 2910 quovis
1173 2835 1265 2894 officio
1288 2834 1369 2892 illum

164 2926 169 2934 “
273 2919 327 2978 dici
346 2923 429 2996 putet
453 2921 502 2996 qui
517 2921 620 2995 primus
640 2922 786 2997 imcriptur
804 2921 841 2978 sit
861 2921 922 2978 albo
937 2922 991 2978 sive
1006 2919 1106 2979 ordinis
1119 2923 1164 2980 sui
1180 2919 1318 2995 catologo,
1339 2925 1366 2977 et

269 3008 373 3081 primas
392 3007 422 3062 im
442 3024 489 3060 suo
510 3002 599 3061 ordine
622 3003 752 3077 obtineat,
771 3007 860 3080 pn‘nm
880 3023 955 3078 cera,
976 3003 1006 3062 id
1026 3011 1065 3064 ert
1079 3025 1193 3079 summu,
1213 3008 1365 3081 inscriptus.

273 3089 327 3146 hoc
341 3089 473 3147 siveram
489 3093 549 3166 ast,
568 3085 644 3146 idem
663 3108 732 3166 ergo
751 3088 805 3147 erit
820 3089 988 3166 primicerius
1006 3091 1196 3150 tabulariorum
1216 3109 1279 3147 cum
1298 3109 1365 3165 pro-

272 3173 427 3248 tonotario,
448 3173 529 3249 quia,
554 3179 587 3230 ut
599 3172 696 3232 Iunius
709 3174 790 3249 dicit,
807 3177 974 3252 primicerius
992 3175 1097 3251 primns
1115 3180 1159 3233 est
1182 3175 1211 3230 in
1233 3193 1294 3230 cera
1312 3191 1365 3230 seu
1402 3206 1405 3211 ·

271 3251 347 3333 albo,
374 3262 404 3314 et
434 3256 563 3313 tabularii
591 3263 659 3315 sont
687 3259 805 3337 notarii,
825 3259 954 3334 idemque
977 3260 1063 3335 igitur
1084 3258 1295 3336 protonotarius
1314 3276 1366 3316 seu

271 3341 377 3417 primus
397 3341 523 3398 notarius
543 3346 574 3398 et
590 3345 753 3416 primicerius
768 3344 966 3406 tabulariorum.
988 3363 1042 3420 ego
1063 3344 1131 3401 nodi
1148 3343 1230 3402 huius
1247 3342 1364 3401 solutio·-

271 3444 337 3483 nem
349 3442 407 3483 non
423 3423 522 3501 video,
542 3425 597 3482 nisi
616 3427 679 3499 quis
696 3427 787 3486 dicere
804 3427 870 3488 velit
888 3429 975 3488 istum
994 3429 1048 3486 dici
1064 3431 1242 3505 priauicerium
1258 3428 1366 3488 tabula·

269 3513 368 3571 riorum
387 3515 516 3587 respectu
541 3509 651 3570 illorum
674 3514 846 3572 notariorum
870 3532 941 3588 quos
964 3513 1037 3572 inira
1060 3531 1093 3572 se
1117 3513 1219 3590 habet,
1240 3532 1300 3572 non
1321 3530 1365 3570 re-

165 3598 184 3647 l’
203 3595 252 3651 175
268 3600 368 3672 spectu
379 3594 517 3672 omnimo,
539 3612 595 3668 quo
609 3600 693 3671 pacto.
711 3592 923 3677 ddevraperimu
945 3603 1006 3660 cciv
1025 3591 1177 3660 διακόνων
1188 3599 1280 3657 vocari
1298 3616 1364 3674 pos-

269 3685 316 3742 set
341 3682 506 3758 primicerius
529 3677 712 3750 diaconorum,
743 3700 803 3741 non
831 3682 959 3743 absolate
989 3685 1040 3744 sed
1067 3685 1273 3764 comparatione
1302 3685 1365 3743 τῶν
1440 3709 1443 3718 ’

271 3768 384 3827 κοινῶν
391 3805 403 3833 ,
425 3769 458 3821 ut
471 3764 577 3821 Citrins
596 3768 626 3821 et
639 3764 765 3822 Codinus
773 3766 935 3842 loquuntur.
1389 3816 1393 3822 .

283 3905 287 3912 ,
352 3847 466 3907 Addam
482 3854 512 3906 et
527 3849 589 3907 hoc.
607 3849 675 3924 quid
691 3850 715 3907 si
731 3869 783 3926 per
799 3871 895 3911 vocem
912 3843 1119 3933 robooiupiuu
1137 3853 1182 3917 hic
1203 3870 1262 3913 non
1283 3849 1365 3909 intel·

268 3934 394 4010 ligantur
408 3934 540 3992 tabularii
556 3952 607 3992 seu
621 3937 737 4007 amorii,
756 3937 809 3994 sed
831 3936 969 3998 tabularia
985 3958 1043 4008 seu¹
1055 3939 1180 4012 arabica,
1201 3938 1242 3996 ita
1260 3941 1293 3994 ut
1309 3937 1366 4014 pri-

269 4019 395 4077 micerius
409 4018 606 4100 tabulariorum!
627 4018 675 4076 ille
693 4020 803 4084 dicatur
824 4022 873 4097 qui
894 4029 1007 4100 praeest
1026 4022 1158 4082 tabulario
1175 4041 1226 4080 sen
1245 4022 1365 4096 arabica,

269 4103 361 4162 socius
376 4103 406 4160 in
421 4103 476 4162 hoc
490 4103 582 4162 officio
601 4111 632 4182 et
649 4105 811 4164 administer
830 4106 1073 4186 chartophylacis?
1093 4125 1158 4164 nam
1176 4105 1367 4184 chartophyla-

274 4192 344 4248 cium
354 4186 463 4246 Iatinis
484 4194 530 4246 est
547 4188 727 4267 tabularium,
747 4195 778 4249 et
800 4210 818 4253 a
838 4190 942 4258 Latino
964 4212 1018 4250 usu
1036 4192 1120 4250 etiam
1145 4190 1268 4250 Graecis.
1294 4191 1368 4248 sicut

273 4274 347 4332 enim
364 4291 482 4354 magnus
498 4272 654 4333 sacellarius
668 4279 698 4335 et
716 4273 801 4342 broii
816 4278 972 4342 auusiiiou
991 4295 1058 4338 suos
1078 4275 1237 4336 habuerunt
1257 4277 1368 4335 adiuto-
