3092 4942
156 339 230 410 leo
315 335 525 415 GRETSERI
538 337 595 404 ET
609 336 742 408 (30de
754 338 1086 407 COMMENTARIUS

152 524 215 579 σοις
227 505 350 565 trahitur
358 525 377 564 a
391 503 536 565 Glossario
548 506 587 564 ad
598 503 671 564 hauc
683 504 827 566 notionem
840 507 986 567 coutacion
1000 505 1037 565 de
1052 524 1109 582 quo
1123 505 1249 566 Gadium

151 612 176 650 c.
193 587 435 668 institiones
407 614 440 654 so
457 587 633 654 κοντάκιον·
653 609 719 650 uam
741 591 787 650 iric
808 597 946 652 centurion
960 611 1018 649 ιιοιι
1033 599 1078 650 est
1094 594 1182 652 codex
1200 612 1250 651 serr

150 676 282 736 volumen
298 696 349 734 seu
367 675 453 780 liber,
474 679 528 736 scd
541 677 669 736 adarim
684 695 810 754 sacaria,
830 696 931 754 nempe
954 677 1024 735 iliud
1042 678 1120 734 cuius
1142 679 1250 736 initium

149 761 339 863 ηπορθὲνος
352 754 492 842 σήμερον.
532 763 573 820 sic
592 763 669 840 apud
686 759 833 820 Citrium
825 781 855 820 m
867 761 1021 841 Responsis
1041 763 1078 820 ad
1092 762 1250 822 Cabasilam

151 842 268 946 (ἄρχων
286 850 349 907 τοῖν
370 846 552 925 uaesaniae)
571 866 622 925 per
645 848 768 906 canaria
789 866 848 905 ιιοιι
866 847 968 905 codicis
989 848 1040 906 sed
1064 866 1157 906 sacras
1180 850 1250 907 odas

149 933 252 1008 accipe
294 932 324 990 iu
338 940 436 991 nostro
452 939 547 991 tamm
565 932 712 1010 proposito
735 949 795 990 uon
815 932 914 990 iniuria
931 931 1052 990 dubitari
1069 937 1167 1009 posset
1182 952 1250 991 num

148 1017 297 1075 contaciorr
317 1016 417 1075 librum
431 1037 469 1076 an
490 1019 616 1075 odarium
637 1016 790 1094 significet:
811 1018 921 1075 videtur
942 1017 1016 1074 enim
1038 1011 1072 1076 rei
1087 1010 1251 1078 κοντᾶκιον

28 1127 33 1136 ·
148 1106 206 1180 τῆς
218 1103 402 1180 χειροτονίας
414 1122 477 1162 esse
488 1103 558 1162 liber
570 1101 715 1178 ritualiss
706 1121 737 1159 ιιι
751 1118 809 1176 quo
826 1103 896 1160 ordo
908 1100 1078 1200 chirotoniae
1090 1119 1141 1158 seu
1154 1120 1250 1159 sacrae

147 1272 240 1332 solum
253 1272 440 1350 suspicionem
460 1292 552 1333 meam
571 1291 678 1353 promo.
718 1271 789 1330 haec
809 1271 845 1332 de
868 1273 1011 1349 contado,
1037 1271 1116 1349 quod
1136 1271 1248 1350 saepius

146 1357 230 1415 uobis
246 1363 379 1416 occurret.

217 1472 246 1524 p.
261 1455 314 1509 ὃν.
330 1457 358 1509 2.
391 1447 426 1508 sb
447 1448 598 1506 saredune
617 1452 816 1536 χειροτονίας]
826 1452 1018 1506 ordinationum
1042 1452 1154 1506 οιιιιιίιιιιι
1176 1452 1248 1506 ardi-

149 1539 208 1575 neas
242 1541 274 1575 ao
295 1541 387 1576 eurum
413 1524 536 1576 arsam
554 1525 662 1576 tibrum
688 1521 759 1575 illum
777 1521 842 1574 enim
858 1517 1009 1574 ιιοντᾶιιιον
1030 1521 1072 1573 hic
1094 1520 1249 1586 manifestat,

150 1591 268 1674 quemvis
287 1592 350 1644 alibi
366 1594 460 1644 tibrum
476 1591 599 1643 missalem
612 1591 690 1658 vulgo
707 1592 818 1656 indices,
840 1591 883 1642 vei
907 1590 985 1642 etiam
1001 1589 1105 1642 brevem
1122 1590 1249 1643 modulum

149 1660 219 1712 inter
235 1659 323 1712 officia
338 1659 425 1712 diviua
439 1659 640 1728 decantandum,
656 1659 689 1712 de
705 1677 756 1730 quo
773 1675 820 1712 nos
837 1660 981 1713 abundem
997 1658 1188 1728 Eucbologicis.

234 1785 263 1842 p.
272 1766 356 1830 5r3
371 1766 531 1824 Secundam
539 1764 667 1825 locumin
680 1765 733 1824 hac
742 1757 959 1826 tertiaPentade
971 1764 1081 1826 obtinet
1094 1787 1110 1826 o
1104 1759 1171 1826 ‘tet
1185 1767 1248 1826 τιὸν

149 1843 296 1932 γονάτων,
313 1854 433 1910 minister
445 1872 464 1909 o
481 1853 601 1928 genibus,
620 1855 739 1931 κρεμῶν
752 1876 787 1914 το
779 1846 996 1930 ἐπιγονοῖτιον
1009 1872 1062 1910 του
1051 1841 1248 1931 deputetur.

148 1935 294 2012 appendens
307 1936 423 2012 gurneie
439 1936 609 2016 patriarcbee
627 1956 672 1995 seu
694 1956 788 1996 summ
784 1935 956 1998 Qsecerdsrn
998 1935 1039 1993 ita
1060 1933 1171 2008 Iunius;
1199 1933 1247 2010 qui

148 2020 233 2076 etiam
245 2042 278 2081 ro
272 2015 485 2100 ἐπιγονατιον
494 2025 577 2079 vocat
595 2025 738 2081 instratum
757 2040 887 2098 genuum,
908 2023 991 2100 pusii,
1009 2024 1043 2077 ut
1060 2019 1167 2097 inquit,
1188 2039 1247 2078 curn

144 2105 304 2181 patriarcba
330 2105 577 2184 circumferebatur,
596 2112 628 2164 ut
643 2113 798 2188 perpetuum
818 2109 902 2185 ipsius
926 2105 965 2164 ed
984 2103 1137 2181 senderedus
1156 2124 1247 2182 preces

147 2188 261 2264 efficium
275 2193 481 2269 u'gnrflcaretur.
523 2192 641 2267 mystica
657 2190 821 2268 explicatio,
842 2209 931 2280 eaque
945 2194 1063 2266 propter
1081 2187 1210 2286 pulchra
1216 2195 1246 2247 et

145 2273 255 2330 festiva
276 2273 371 2333 forsan
387 2276 462 2332 idem
480 2276 642 2351 mysterium
657 2276 831 2352 significatis
846 2294 897 2353 per
917 2261 1078 2352 pulvinum,
1102 2274 1151 2351 qui
1168 2274 1246 2352 prin-

143 2358 238 2436 cipum
251 2359 369 2434 genibus
384 2359 481 2419 subiici
498 2362 546 2418 et
538 2380 568 2417 m
581 2378 645 2418 eum
658 2380 741 2418 usum
751 2359 917 2418 circumferri
932 2360 1076 2418 consuevit

232 2457 322 2518 Addit
341 2459 453 2518 lunius·
483 2459 532 2517 boc
551 2465 640 2518 eutem
664 2459 711 2521 bar
713 2453 853 2543 γονάτιον
876 2461 1072 2538 appendebatur
1088 2481 1140 2521 non
1152 2463 1245 2540 patri-

144 2545 257 2617 arcbae,
280 2544 325 2602 sed
348 2543 439 2623 ptuteo
461 2563 508 2602 seu
522 2547 646 2622 pegmatr'
668 2548 697 2606 in
720 2546 789 2644 pacet
800 2547 967 2625 procumbere
987 2545 1087 2604 solebat
1110 2553 1244 2618 maturus,

60 2643 65 2650 '
143 2636 177 2688 ut
195 2630 367 2737 magnetibps
377 2630 446 2708 fieri
459 2629 533 2688 rotet
574 2629 691 2708 mirum,
707 2631 733 2689 si
748 2632 790 2688 ita
812 2635 873 2708 est,
894 2629 1028 2709 appellari
1044 2625 1242 2712 ἐπιγονοὶτιον,

142 2733 202 2772 non
214 2711 347 2792 potius‘
324 2710 537 2792 enoyova'uou.
559 2712 632 2792 logi
630 2716 707 2774 meri.
729 2711 936 2796 bneyovricsov,
959 2716 1060 2791 quod
1053 2735 1082 2774 m
1098 2715 1244 2775 rimalibus

145 2800 317 2858 Graecorum
335 2799 411 2858 libris
433 2796 562 2858 etiam
539 2794 745 2880 eaoyoueirrov
767 2800 944 2879 appellatur,
964 2819 1021 2859 una
1044 2806 1089 2859 est
1108 2820 1142 2859 ex
1157 2801 1243 2860 vesti-

142 2885 197 2942 bus
221 2886 322 2961 quibus
349 2885 473 2964 episcopi
495 2885 656 2944 sacrificium
678 2888 818 2965 peracturi
847 2887 1017 2963 induuntur,
1042 2886 1204 2964 dependens
1225 2903 1244 2943 a

143 2970 244 3027 lumbis
262 2989 348 3048 super
363 2989 471 3048 genua,
492 2971 568 3028 unde
588 2971 672 3029 etiam
690 2971 881 3051 supergenuote
899 2971 1066 3030 nominatur.
1088 2972 1137 3048 qui
1155 2971 1242 3049 igitur

143 3057 304 3134 pontificem
318 3057 372 3114 hoc
391 3055 568 3162 ἐπιγονοτίῳ
588 3075 624 3116 ex
642 3056 734 3117 officio
757 3056 953 3136 amiciebat,
945 3077 969 3116 rs
989 3062 1051 3118 erat
1072 3055 1092 3121 b
1111 3055 1162 3122 tab
1179 3059 1241 3117 coir
1328 3115 1339 3134 ρ
1446 3067 1450 3080 ·

141 3162 392 3282 γοναᾞιοιὶοιιιιι
403 3222 489 3283 rerba
507 3221 700 3302 Balsamonis,
720 3226 823 3302 quibus
841 3225 979 3306 imperitia
997 3224 1069 3284 Iunii
1085 3223 1241 3302 proscribe-

144 3314 199 3366 tur.
225 3315 338 3367 exstant
351 3327 486 3386 responsa
501 3312 637 3382 quaedam
648 3311 822 3370 Balsamouis
836 3318 903 3372 tom.
924 3311 1027 3378 lIuris
1046 3310 1103 3368 GR
1116 3311 1152 3367 ad
1168 3327 1239 3366 non·

142 3393 233 3451 nullas
252 3395 445 3469 quaestiones,
466 3393 539 3449 inter
555 3412 625 3469 quas
637 3401 666 3453 et
680 3396 749 3454 haec
768 3396 818 3456 fol
835 3400 915 3474 881,
937 3416 974 3455 an
991 3397 1064 3455 licite
1083 3395 1238 3468 sacerdotes,

144 3482 192 3556 qui
212 3481 352 3554 begumeni
372 3497 418 3536 reu
435 3466 569 3537 antistites
590 3486 668 3555 sunt,
699 3484 762 3542 item
778 3487 940 3560 protopapos
963 3486 989 3540 et
1011 3484 1161 3560 episcopm,
1182 3483 1238 3558 epi·

112 3571 118 3578 '
142 3567 266 3622 maniciis
289 3568 316 3621 et
335 3565 496 3640 pogonatus
511 3564 715 3624 condecorentur.
737 3569 939 3666 respondetur.
957 3569 1019 3626 seir
1039 3565 1239 3645 ἔτιμανιιιίων

142 3671 195 3708 aas
183 3646 441 3729 '‘bnryouustuu
428 3645 572 3749 ιιρωτιὶτη
592 3646 814 3727 &adoperiu'
775 3675 880 3730 μονοις
897 3647 1065 3730 ιἰρχιερὲῦσι
1083 3649 1238 3730 πεφιλοτί-

33 3748 56 3799 Ι
74 3748 123 3802 167
142 3754 256 3834 purus,
279 3736 474 3791 sacratissimus
496 3737 711 3810 epimeni'crerurn
737 3742 763 3794 et
793 3739 1002 3814 epigonatiorum
1031 3740 1147 3795 umidus
1175 3734 1237 3795 sob's

140 3821 267 3897 episcopis
280 3836 413 3878 concessus
431 3823 470 3876 est
482 3811 611 3897 wnpbarn
620 3820 742 3896 figrsran
765 3821 866 3880 domini
880 3829 905 3881 et
925 3825 1069 3881 scrutatoris
1088 3824 1174 3881 nostri
1194 3819 1239 3877 dei

137 3902 202 3962 Iesu
231 3902 333 3962 Cbristi
349 3903 517 3979 gerentibus,
538 3910 564 3962 et
587 3904 648 3963 binc
667 3908 748 3963 etiarn
766 3913 879 3983 peccota
903 3908 1109 3981 remittentibus,
1139 3905 1236 3964 etalio

138 3989 176 4047 ad
192 3991 364 4047 imitationem
380 3987 654 4066 Cbristijacientibus
673 4010 741 4070 puae
759 3990 937 4050 sacerdotibus
953 4013 1005 4050 nnn
1023 3996 1085 4050 runt
1104 4009 1234 4049 concessa.

140 4093 221 4152 quare
243 4091 325 4150 neque
343 4076 556 4151 epimoniciorun
572 4093 658 4152 neque
681 4079 888 4153 epigonatiornn
916 4083 1018 4136 ainictu
1043 4078 1235 4151 insigniuntur.

139 4177 205 4218 narn
229 4161 387 4236 epimenicia
410 4163 490 4238 typus
517 4163 579 4217 suist
601 4160 783 4233 uinculorum,
807 4163 901 4240 quibus
926 4163 1029 4222 Cbristi
1045 4178 1141 4219 manus
1158 4159 1234 4218 cotti-

139 4250 224 4320 gatae
236 4244 351 4321 suessent
369 4243 475 4321 pondo
490 4243 529 4303 od
549 4249 695 4322 passionen
714 4247 845 4306 tendebotr
866 4250 1045 4325 epigonatinm
1063 4249 1152 4303 autern
1175 4243 1235 4320 (su-

17 4333 22 4339 ’
136 4327 295 4410 perpetuale
304 4333 383 4388 uocat
397 4328 537 4410 interpres)
552 4331 650 4409 figrrra
668 4337 708 4392 est
720 4330 817 4409 iintu,
837 4331 906 4413 quod
924 4330 1016 4392 induit
1036 4328 1156 4392 donnus
1177 4347 1236 4390 τινι
