3092 4942
271 346 321 416 96
577 341 727 414 comm
752 343 1050 412 cultornmtss

270 511 416 585 διάκονοι.
466 510 631 604 εἰσέρχεται
645 504 699 582 σόν
708 511 854 596 βασιλεδς
867 511 936 598 μετ’
953 512 1053 582 αὐτῶν
1068 516 1110 594 εἲς
1122 514 1157 584 cd
1171 512 1257 602 άχιον
1269 520 1367 601 βῆμα,

271 623 322 686 καὶ
338 611 502 702 λαμβάνων
516 615 671 714 θυμιατδν
686 623 789 709 θυμιᾷ
809 619 864 703 τὴν
884 617 968 706 ἱεράν
983 614 1134 705 τράπεζαν
1156 624 1367 706 σταυροειδῶς,

270 728 391 808 πρῶτον
405 721 462 805 μέν
476 720 556 787 κατά
571 717 738 801 ἀνατολάς,
761 717 826 788 εἶτα
838 721 916 808 πρὸς
929 719 1050 812 ε’ίρκτον,
1076 720 1177 789 ἔπειτα
1191 723 1267 806 πρὸς
1279 721 1367 788 ἕσπέ-

272 852 340 912 ραν,
365 827 415 890 καὶ
428 824 506 908 μετὰ
520 832 618 891 ταῦτα
633 823 711 912 πρὸς
726 826 928 912 μεσημβρίαν.
980 821 1043 890 είτα
1060 823 1151 892 πάλιν
1165 826 1241 914 πρός
1258 826 1368 891 ἀνατο-

272 929 329 1008 λάς
344 934 465 1011 θυμιῶν
477 934 579 1019 θυμιᾷ
592 929 643 994 καί
656 927 709 992 τὸν
722 924 924 1016 πατριάρχην.
954 927 1049 1004 αὐτὸς
1061 930 1094 993 δὲ
1110 925 1393 1018 προσαχθρεόσας,5

273 1035 323 1097 καὶ
337 1032 441 1116 λαβὼν
457 1031 516 1097 ἀπὸ
531 1037 587 1115 τῆς
599 1037 655 1096 roci
669 1031 819 1113 βασιλέως
828 1029 931 1118 χειρὸς
944 1030 996 1096 τὸν
1016 1028 1179 1114 θυμιατόν,
1202 1031 1371 1122 ἀντιθυμιᾷ

236 1147 259 1200 Β
272 1133 479 1220 τὸνβασιλέα.
517 1133 597 1218 μετὰ
611 1134 645 1200 δὲ
660 1139 756 1199 τοῦτο
770 1131 925 1219 ἐκβάλλων
942 1131 958 1198 ὅ
971 1135 1116 1217 βασιλεὺς
1132 1132 1192 1200 dod
1207 1140 1262 1220 τῆς
1275 1135 1369 1230 αὐτοῦ

274 1245 409 1325 κεφαλῆς
429 1238 464 1305 τό
487 1237 607 1322 στέμμα
629 1238 780 1324 ἐγχειρίζει
799 1247 863 1316 τοῖς
882 1233 1051 1315 διακόνοις,
1086 1233 1104 1302 ό
1127 1238 1160 1302 δὲ
1180 1235 1371 1326 πατριάρχης

272 1342 350 1424 μετὰ
370 1342 405 1407 τό
426 1347 607 1426 κοινωνῆσαι
631 1345 686 1406 τοῦ
708 1341 809 1422 τιμίου
833 1337 976 1426 σώματος
1000 1342 1107 1407 δίδωσι
1126 1341 1177 1406 καί
1192 1346 1237 1430 τῷ
1250 1347 1376 1423 βασιλεῖ

158 1452 160 1456 ’
274 1449 317 1521 εἷς
329 1444 385 1524 τὰς
395 1453 500 1530 χεῖρας
515 1445 626 1530 μερίδα
640 1449 696 1510 τοῦ
709 1446 887 1510 δεσποτικοῦ
899 1439 1057 1528 σώματος·
1086 1433 1122 1509 οὗ
1141 1427 1191 1508 καὶ
1209 1445 1369 1527 μετασχὼν
1380 1457 1415 1514 10

274 1556 412 1614 κοινωνεῖ
423 1544 535 1628 ὁμοίως
553 1548 605 1612 καλ
617 1553 672 1612 coo
689 1548 838 1636 ζῳοποιοῦ
855 1549 994 1630 αἵματος.
1044 1555 1182 1612 κοινωνεῖ
1197 1546 1230 1610 δὲ
1245 1552 1299 1611 τοῦ
1315 1546 1371 1630 μέν

272 1646 463 1737 πατριάρχου
485 1649 538 1715 τὸν
560 1647 645 1735 άμον
668 1656 807 1738 κρατῆρα
829 1649 1025 1732 κατέχοντος,
1051 1648 1144 1727 αότδς
1159 1648 1193 1715 δὲ
1209 1639 1371 1737 προσάγων

272 1760 317 1842 τῷ
332 1759 461 1840 κρατῆρι
474 1751 509 1818 τδ
524 1750 642 1836 στόμα,
662 1751 763 1839 ὥσπερ
778 1754 829 1818 καὶ
844 1753 873 1817 οἳ
889 1752 988 1839 ἱερεῖς.

374 1855 470 1922 Μετὰ
493 1854 528 1921 δὲ
548 1856 583 1925 τό
603 1863 785 1938 κοινωνῆσαι
800 1862 860 1922 τῶν
880 1855 973 1922 θείων
987 1854 1163 1943 μυστηρίων
1175 1853 1371 1942 περιθέμενος

275 1949 370 2036 αὖθις
387 1958 422 2023 τό
444 1958 563 2048 στέμμα
583 1965 623 2046 τῇ
643 1964 761 2046 κεφαλῇ
784 1957 934 2047 ἐξέρχεται
953 1965 1009 2024 τοῦ
1030 1955 1116 2043 ἆχίοο
1137 1955 1293 2042 βήματος·
1318 1962 1368 2024 καί
1379 1975 1412 2030 15

273 2064 466 2144 τελεσθείσης
476 2070 531 2146 τῆς
546 2060 631 2150 ἱεράς
644 2063 846 2149 λειτουργίας,
871 2064 923 2128 καί
942 2068 999 2128 τοῦ
1017 2062 1226 2142 διαδεδομένου
1245 2067 1290 2150 τῷ
1306 2067 1372 2149 λαῷ
1395 2069 1400 2080 ’

234 2176 259 2228 c
276 2162 479 2249 ἆγιάσματος,
498 2164 632 2251 όφαμεν
645 2165 819 2252 ἀντίδωρον,
840 2155 934 2242 αὖθις
946 2161 1115 2247 μετασχών,
1136 2167 1186 2229 καὶ
1197 2163 1372 2250 εὐλαβηθεὶς
1409 2173 1411 2178 ’

274 2266 358 2357 παρά
373 2292 404 2332 τε
420 2273 475 2333 τοῦ
491 2267 680 2355 πατριάρχου
692 2272 745 2333 καὶ
759 2273 820 2334 τῶν
834 2264 991 2354 παρόντων
1009 2267 1181 2354 ἀρχιερέων,
1207 2271 1258 2332 καὶ
1275 2293 1371 2333 κατα-

278 2365 472 2451 σπασάμενος
484 2369 540 2444 τάς
555 2371 656 2436 αὐτῶν
665 2377 788 2456 χεῖρας,
821 2369 978 2456 ἀνέρχεται
994 2372 1036 2447 εἷς
1049 2369 1088 2436 τά
1104 2367 1249 2456 λεγόμενα
1263 2373 1371 2456 Κατη-

175 2457 183 2482 ‘
275 2468 421 2558 χοόμενα.
472 2473 590 2556 ξυλίνης
603 2473 638 2538 δέ
650 2472 768 2539 κάκεῖσε
781 2471 965 2560 όναβάθρας
978 2474 1102 2560 μετρίας
1116 2471 1209 2559 οόσης
1223 2489 1414 2560 anonam-20

278 2572 482 2659 σκειιασμένης
497 2576 548 2638 καλ
568 2572 690 2661 θρόνων
708 2581 769 2642 τῶν
784 2576 863 2641 καθ’
881 2573 997 2664 ἡμέραν
1012 2573 1156 2659 συνήθων
1171 2577 1371 2661 ἐπικειμένων,

278 2677 455 2767 άνίρχοιτοιι
468 2675 485 2744 ό
499 2702 532 2745 τε
543 2676 611 2758 νέος
624 2677 768 2761 βασιλεός
783 2682 833 2744 καὶ
854 2675 874 2766 ἦ
897 2679 991 2746 αὐτοῦ
1005 2679 1080 2770 γονὴ
1093 2682 1144 2746 καί
1158 2684 1280 2763 βασιλὶς
1293 2681 1371 2764 μετὰ

347 2825 542 2929 λυόνιδδΑ
643 2872 883 2944 6τῆυεο1ςοοαι

276 3049 385 3114 paratur
403 3040 453 3111 eit,
471 3042 586 3097 invitant
601 3042 672 3096 illum
688 3043 818 3113 praedicti
835 3044 955 3113 diaconi,
973 3061 1031 3098 cum
1048 3044 1143 3114 quibua
1160 3044 1307 3114 ingreditur
1322 3045 1372 3098 im-

275 3121 384 3196 perator
405 3113 434 3165 in
458 3113 653 3166 tabernaculum
673 3130 721 3166 scu
746 3113 774 3166 in
791 3123 882 3167 sancta
898 3123 1060 3179 sanctorum3
1087 3122 1115 3167 et
1132 3125 1240 3183 accepto
1258 3115 1372 3167 turibula

274 3188 402 3248 incensat,
420 3182 504 3234 crucia
522 3183 550 3235 in
566 3182 690 3252 speciem,
706 3198 807 3236 meram
824 3201 947 3250 mentam,
971 3182 1080 3251 primum
1101 3184 1205 3253 quidem
1227 3183 1261 3236 ad
1283 3184 1373 3236 orien—
1472 3239 1477 3244 ,

275 3257 337 3317 tam,
355 3249 451 3302 deinde
468 3250 502 3302 ad
519 3252 732 3320 septentrionem,
750 3261 844 3320 postea
860 3253 894 3304 ad
911 3252 1081 3320 occidentem,
1099 3261 1126 3304 et
1142 3253 1247 3304 tandem
1265 3253 1299 3304 ad
1316 3271 1373 3304 me-

274 3318 378 3370 ridiem.
398 3317 493 3371 deinde
509 3316 604 3371 iterum
621 3321 654 3371 ed
673 3320 801 3374 orientem
817 3323 955 3374 incensans
969 3322 1059 3375 suffitu
1076 3337 1179 3388 quoquc
1196 3321 1372 3390 patriarcham

275 3388 396 3441 honorat.
422 3387 480 3455 ipse
496 3394 583 3440 emtam
598 3388 711 3442 salutato
728 3390 988 3461 imperatore-cidem
1005 3389 1106 3442 incensi
1123 3400 1151 3444 et
1167 3391 1271 3444 suffitus
1289 3391 1372 3444 hono·
1413 3421 1420 3446 ι

274 3473 329 3509 rem
346 3453 478 3508 redhibet·
514 3454 557 3506 hio
573 3458 686 3525 peractio
703 3458 848 3528 imperator
865 3459 986 3528 deposita
1007 3459 1039 3510 de
1062 3457 1148 3524 capite
1173 3476 1269 3512 corona
1291 3459 1373 3514 tradit

277 3541 334 3579 eam
352 3524 479 3576 diaconia.
502 3531 531 3576 at
549 3525 700 3594 patriarcha
714 3537 853 3598 postquam
870 3529 1013 3597 pretiosum
1029 3526 1127 3580 domini
1143 3546 1238 3596 corpus
1254 3529 1373 3598 sumpsit,

275 3591 359 3646 tradit
382 3609 486 3661 quoque
509 3592 662 3663 imperatori
684 3595 711 3647 in
737 3614 827 3651 mannus
854 3597 976 3650 dominici
993 3597 1111 3678 corporis
1129 3597 1296 3667 particulam
1322 3615 1373 3665 qua

276 3670 379 3729 sumpta
395 3662 474 3715 sumit
491 3662 569 3714 etiam
588 3661 719 3715 vivificum
738 3667 904 3734 sanguinem
923 3676 1205 3732 communicatarum,
1224 3667 1373 3735 patriarcha

276 3739 394 3783 nanctum
415 3730 521 3785 calicem
544 3739 652 3784 tenente
675 3731 735 3802 ipae
758 3751 788 3786 οε
812 3736 847 3788 ad
867 3735 972 3790 calicem
987 3735 1137 3805 applicans,
1161 3735 1372 3807 quemadmodum

276 3799 427 3853 sacerdotes
445 3799 538 3852 colent.

345 3867 484 3936 Postquam
502 3868 648 3923 divinorum
665 3869 848 3938 mysteriorum
872 3871 974 3941 pertice
993 3891 1006 3926 ε
1031 3871 1142 3926 effectur
1166 3876 1224 3939 est,
1241 3867 1372 3938 imperita

226 3972 229 3977 ,
277 3952 367 3990 rursus
385 3936 466 4006 capiti
485 3954 581 3990 corona
597 3940 730 4006 egreditur
747 3958 762 3992 e
779 3957 854 3992 sacro
872 3892 1004 4009 tribunicii,
1022 3943 1095 3995 finita
1114 3940 1176 3994 litur
1195 3939 1220 3992 'a
1234 3947 1261 3992 et
1274 3939 1388 4010 populo·

277 4023 346 4076 panc
363 4006 534 4074 sanctificato,
560 4008 630 4088 quod
646 4009 793 4062 antidorum
810 4009 978 4079 nominamus,
997 4011 1150 4073 distribut03
1196 4026 1210 4062 e
1228 4024 1279 4076 quo
1297 4017 1371 4092 post-

278 4092 354 4143 quam
381 4084 408 4129 et
429 4075 487 4145 ipcc
512 4076 696 4158 participavit,
722 4085 750 4131 et
772 4073 982 4200 {mediationem
1006 4097 1022 4133 a
1047 4077 1196 4148 patriarcha
1223 4085 1372 4146 ceterisque

278 4144 461 4214 praecentibus
478 4162 566 4215 eproco
587 4146 609 4196 is
626 4146 738 4216 accepit,
756 4165 770 4199 e
788 4163 896 4215 rumque
914 4166 1003 4202 manus
1019 4146 1185 4202 deosculatus
1203 4155 1253 4212 cst,
1280 4164 1373 4200 ascen-

184 4253 187 4260 .
278 4212 318 4266 dit
335 4214 369 4266 ad
384 4212 468 4268 locum
492 4163 676 4269 cateciumena
700 4216 807 4274 dictum.
844 4217 932 4288 lignea
952 4218 991 4270 ibi
1014 4232 1117 4298 quoquc
1140 4216 1299 4283 anabathra,
1325 4214 1372 4268 ced

278 4281 393 4349 modica,
417 4292 589 4354 praeparatu
619 4292 647 4338 et
673 4285 768 4355 positia
792 4286 912 4370 thronis²
941 4286 987 4355 qui
1012 4285 1165 4356 quotidiano
1188 4293 1249 4338 aunt
1270 4284 1297 4335 in
1315 4300 1372 4352 usn,

277 4354 421 4408 ascendunt
437 4369 520 4408 novur
537 4351 680 4426 imperator
696 4363 724 4408 et
740 4371 808 4410 uror
825 4355 882 4410 ciue
898 4355 1054 4430 'imperatrix
1076 4371 1133 4410 cum
1150 4355 1307 4425 imperatore
1325 4369 1373 4422 pa-
