3092 4942
298 346 368 418 178
459 342 666 413 GRETSERI
681 343 737 408 ET
751 342 884 409 Gosln
897 340 1225 413 COMMENTARIUS

293 502 478 629 περσέβαστσς
494 500 691 559 ἀναδείκνυται
705 500 754 557 eccl
770 500 925 570 σύντροφος
940 502 991 555 τοῦ
1008 499 1147 568 Καίσαρος
1171 499 1283 569 γίνεται.
1318 498 1369 555 τού

292 596 349 633 των
390 572 403 629 i
426 577 481 629 τῶν
504 569 666 643 ἀξιωμάτων
689 567 741 640 τὴν
758 566 971 639 ναινοτομίανὸ
991 564 1004 623 ἒ
1026 564 1056 631 ὂς
1072 564 1164 637 πατὴρ
1182 566 1382 637 προσεξεάρατο

291 645 420 713 ξυνθείς,
446 647 507 706 τοῖς
529 638 560 695 di
585 639 633 695 sol
648 638 912 726 nopazppocipevoc·
936 588 1384 709 τόμ1ιγάρπανυιιεριέβασιος

291 713 341 769 soi
357 706 599 783 σεβαστοαράτωο,
615 708 664 763 ναὶ
679 727 733 763 σσα
749 712 885 775 τοιαῦτα,
911 703 1117 761 recrederemus
1140 703 1383 793 mopopppooipsroc

291 782 443 865 petram-l
458 777 588 852 σεβαστοὶ
598 773 656 917 poio
674 774 704 859 ol
719 777 839 860 βασιλεῖς
854 772 998 860 ἀνέκαθεν
1012 776 1111 836 κοινῶς
1128 770 1383 861 άνβμαζοντο,,καὶ

291 870 330 973 ii
347 844 1285 983 {iiiiii„itiitiil‘'tititttiit‘lttltt”itti
1300 860 1383 965 “iiii

290 986 374 1056 euim,
390 986 450 1039 'nou
474 988 586 1039 caesore
607 983 680 1036 modo
703 982 750 1036 sed
771 988 799 1034 et
814 982 967 1049 domestico,
991 980 1242 1051 panhypersebastus
1259 981 1382 1045 humilior,

290 1056 360 1110 node
384 1063 411 1108 et
435 1053 710 1125 penhypersebastum,
739 1067 756 1102 o
779 1066 828 1119 quo
854 1050 903 1103 sibi
922 1048 1068 1117 metuebat,
1097 1052 1281 1117 promeriturus
1298 1049 1382 1103 senior

290 1125 452 1181 Andronicus
474 1124 508 1175 od
526 1120 644 1175 Caesaris
660 1117 809 1187 dignitatem
824 1118 918 1173 evexit.
954 1119 1087 1185 Gregoros
1105 1119 1121 1171 8
1138 1122 1184 1173 20:
1213 1114 1284 1172 ὅθεν
1300 1113 1316 1171 d
1334 1137 1380 1203 pp-

290 1188 372 1263 ραιὸς
395 1185 519 1264 βασιλεὺς
541 1184 590 1242 dcci
614 1184 678 1250 δέος
698 1184 831 1256 μειζόνων
851 1186 945 1241 καινάν
968 1182 1109 1240 disiecerit
1137 1187 1286 1257 πρεσβείαν
1313 1204 1383 1253 προς

288 1258 377 1315 αὐτὸν
394 1254 678 1329 (πανντερσέβαστον)
695 1252 744 1309 καὶ
767 1250 827 1323 άμα
843 1257 878 1325 τῇ
894 1255 1024 1327 πρεσβείᾳ
1050 1251 1097 1306 καὶ
1114 1250 1150 1306 τά
1173 1256 1224 1307 τοῦ
1246 1258 1380 1321 Καισαρι-

289 1333 343 1385 sori
365 1325 519 1396 άξιάματος
544 1323 676 1396 σύμβολα.
711 1324 872 1377 illustriorem
897 1331 981 1377 tamen
1005 1341 1021 1375 a
1041 1323 1121 1393 prima
1150 1340 1196 1375 sua
1223 1323 1382 1377 institutione

288 1399 437 1453 reddiderat
451 1396 519 1449 idem
535 1394 689 1463 imperator,
706 1400 736 1446 ut
754 1394 821 1464 apud
840 1394 983 1461 Gregoram
1001 1393 1008 1443 i
1028 1408 1082 1445 sum
1099 1392 1211 1460 reperies
1228 1391 1286 1445 libri
1303 1409 1380 1461 prae-

290 1467 404 1521 cedentis
428 1473 492 1519 sect.
510 1466 553 1519 28.
570 1471 598 1516 et
614 1470 642 1515 ut
658 1463 783 1517 illustrem
799 1462 874 1515 valde
890 1462 977 1515 laudat
993 1411 1099 1513 llicetas
1115 1460 1141 1513 in
1159 1460 1302 1514 Andronico
1319 1462 1335 1513 l.
1356 1465 1381 1513 1.

372 1591 401 1651 p.
418 1575 476 1635 8v.
495 1572 540 1631 13.
576 1567 820 1645 Protovestiarius]
845 1568 951 1647 primus
971 1568 1128 1644 praefectus
1148 1567 1282 1644 vestiarii,
1303 1566 1380 1624 cuius

287 1676 358 1715 uror
367 1657 572 1733 protovestiario
585 1653 774 1729 salutabatur,
795 1660 828 1711 ut
844 1658 888 1711 est
908 1654 984 1731 apud
1006 1652 1115 1709 Annam
1130 1652 1304 1711 Comneuam
1321 1650 1339 1709 l.
1359 1656 1380 1717 6

286 1740 412 1800 Alexiad.
431 1741 467 1798 de
481 1739 695 1817 protovestiam‘o
709 1740 822 1816 saepius
834 1738 946 1797 dabitur
962 1738 1071 1795 dicendi
1083 1736 1169 1795 locus.

356 1854 418 1924 p.8
441 1870 467 1906 v.
489 1854 531 1907 18.
567 1851 711 1904 vestiarium
734 1851 812 1904 adibit
836 1852 879 1927 qui
903 1850 936 1903 de
961 1851 1158 1919 protovestiario
1182 1848 1304 1903 sollicitus
1329 1858 1377 1902 est.

286 1924 440 1978 vestiarium
456 1938 633 1989 nonnunquam
650 1922 759 1973 vestitus
776 1926 830 1979 est,
848 1938 889 1973 reo
904 1922 1045 1987 vestiaria,
1069 1926 1194 1988 pasotrem
1210 1921 1276 1971 sutis
1287 1926 1324 1970 est
1334 1937 1377 1971 oe·

287 1995 383 2059 stium,
399 1991 465 2043 sicut
482 1990 627 2043 calciarium
645 1996 765 2072 quantum
781 1989 1006 2041 calceamentorum
1031 2006 1134 2041 necesse
1149 1995 1197 2041 est.
1231 1988 1376 2040 vestiarium

285 2062 314 2113 iu
330 2060 465 2131 postremis
481 2060 553 2111 libris
572 2058 674 2112 Codicis
697 2066 723 2110 et
744 2059 769 2109 in
794 2058 895 2109 Notitin
915 2057 1016 2126 imperii
1039 2057 1138 2126 accipe,
1169 2058 1195 2108 in
1220 2074 1270 2125 quo
1293 2064 1375 2108 vestes

281 2129 408 2218 principis
424 2128 567 2180 conduntur
591 2136 617 2179 et
638 2136 810 2196 reponuntur..
838 2127 1018 2196 Moschopulus
1036 2126 1078 2177 lib.
1097 2126 1137 2177 cui
1155 2126 1243 2177 titulus
1260 2120 1375 2191 συλλογὴ

285 2197 406 2249 Αττιιιῶν
420 2192 579 2264 ὄνομάτωνε
605 2193 804 2266 βεστιονιράτης
826 2190 842 2247 d
867 2190 988 2261 βάπτης·
1016 2194 1109 2263 βεστία
1131 2189 1184 2262 γάρ
1208 2188 1286 2260 παρά
1307 2190 1375 2244 ‘Poo-

283 2266 377 2334 μαίοις
393 2259 428 2315 τά
447 2260 556 2330 ἴμάτια,
573 2257 601 2327 ἔξ
620 2254 655 2317 od
671 2261 720 2315 sul
737 2260 893 2331 βεστιάριον
909 2262 1025 2329 κυρίας,
1043 2256 1074 2315 ἒν
1094 2252 1116 2332 oi
1132 2258 1167 2315 τά
1185 2256 1312 2334 βασιλικά
1330 2255 1373 2315 ἐν·

284 2329 394 2401 deipara
410 2328 608 2397 φυλάσσονται.
643 2331 794 2383 Guillelmus
811 2331 908 2397 Tyrius
927 2330 944 2383 l.
963 2332 980 2385 2
997 2332 1029 2383 ds
1045 2331 1112 2385 bello
1130 2348 1220 2383 sacros
1239 2348 1289 2399 quo
1298 2334 1375 2397 sueto

283 2418 315 2454 ττ
326 2400 502 2468 imperialibus
512 2399 642 2451 vestiariis
652 2401 809 2451 elimarent
824 2400 957 2467 proedicto
973 2401 1031 2453 oiro
1050 2402 1078 2451 in
1095 2418 1161 2453 coro
1176 2403 1287 2453 vestibus
1305 2403 1375 2451 ναοῖο

254 2489 256 2496 ·
283 2478 311 2522 ct
333 2468 452 2537 pretiosio
473 2469 614 2535 lapidibus.
646 2468 719 2519 vides
739 2466 766 2518 in
788 2468 908 2520 vostimio
925 2485 975 2521 non
991 2478 1073 2522 vestes
1091 2469 1165 2522 modo
1183 2470 1230 2522 sed
1247 2475 1273 2521 et
1289 2486 1374 2521 aarum

283 2554 347 2590 vasu
368 2536 466 2604 lapides
488 2536 614 2605 pretiosos
635 2535 740 2605 reponi,
764 2536 832 2588 uude
856 2537 969 2589 nonnulli
991 2538 1106 2591 vestiarii
1121 2537 1285 2607 thesaurique
1302 2554 1374 2590 unam

282 2606 456 2675 acceptionem
475 2605 637 2658 contendunt.
670 2604 806 2656 vestiarius
822 2604 910 2675 itaque
932 2606 976 2675 qai
999 2607 1169 2660 huiuscemodi
1193 2614 1281 2670 curat,
1313 2622 1375 2675 pro-

283 2676 349 2739 fert,
366 2673 496 2741 recondit,
514 2678 640 2726 asservat.
673 2672 696 2725 is
712 2671 865 2743 βεστιάριος
882 2674 1004 2738 Graecis,
1026 2684 1055 2728 ut
1071 2676 1190 2729 Zonaras
1206 2676 1232 2727 in
1248 2674 1372 2742 Audacia,

283 2742 373 2797 loanni
387 2742 543 2795 Damasceno
560 2741 681 2793 monacho
699 2750 727 2794 et
747 2742 812 2793 eliis.
848 2742 966 2863 princeps
989 2744 1095 2796 omnium
1117 2740 1373 2814 πρωτοβεστιάοιος,

281 2812 315 2865 de
337 2828 388 2881 quo
416 2810 606 2931 inpraesenti,
624 2810 694 2863 cuius
715 2828 806 2863 nomeu
828 2810 878 2863 iam
904 2828 919 2865 a
963 2813 1073 2881 heophili
1088 2815 1244 2883 temporibus
1263 2813 1371 2880 cgnitum

280 2881 349 2963 opud
366 2881 460 2949 Theop
477 2896 563 2940 anem,
580 2897 597 2932 n
610 2880 720 2931 caeteris
737 2879 831 2961 deinde
845 2880 972 2963 historicis
988 2889 1148 2965 usmetum,
1162 2899 1183 2963 ‘a
1199 2882 1295 2965 magnis
1311 2881 1374 2933 viris

281 2950 415 3103 otim
435 2948 681 3103 „intramis
695 2950 1131 3103 instituimus
1144 2952 1374 3102 &stiterit

281 3106 334 3206 wi
350 3084 1373 3222 tittitit0i“²tt⁷¹⁰ittltttt⁰⁹„itii-‘titttttttt

280 3174 405 3290 dipem
426 3193 686 3293 πρωτοβεστιάοιον.
705 3175 750 3276 nat
771 3223 910 3278 domestico
934 3174 1076 3293 pristinus,
1101 3230 1137 3277 ac‘
1154 3241 1207 3277 rem
1223 3222 1369 3277 vestiariam

279 3299 408 3354 memus,
431 3307 517 3343 secrss
534 3290 632 3343 Christi
648 3291 741 3344 fascias
757 3292 783 3344 iu
801 3293 973 3345 ecclesiastica
988 3294 1149 3364 processione
1165 3298 1268 3361 gestare
1288 3292 1368 3345 mani-

279 3360 328 3412 bus
344 3358 423 3441 uudet
437 3359 505 3428 apud
523 3359 664 3443 cedrenum
683 3360 709 3412 in
726 3361 849 3414 Michaels
865 3362 1037 3431 Paphlagonis.
1070 3362 1108 3415 illi
1124 3362 1155 3415 sd
1167 3358 1307 3414 cubiculum
1319 3361 1367 3413 im-

278 3435 406 3497 perstans
421 3443 468 3479 nec
484 3444 534 3479 nou
550 3445 577 3479 m
595 3446 651 3496 ipso
668 3446 739 3481 sacro
763 3430 878 3482 cubiculo
903 3431 1012 3485 dormire
1034 3432 1074 3485 iss
1097 3437 1161 3485 erat.
1196 3430 1250 3481 Leo
1271 3431 1366 3481 Gram-

277 3497 386 3548 maticus
402 3495 429 3547 in
446 3494 571 3547 Michaele
581 3496 717 3565 Theophili
729 3498 796 3553 filios
823 3496 941 3551 ἔνδοθεν
963 3495 1000 3552 dl
1013 3500 1065 3553 cori
1079 3501 1212 3559 νοιτάνος
1229 3487 1266 3565 ἦν
1284 3500 1366 3550 Βασι-

277 3557 417 3624 λισνιανός
433 3564 468 3632 τῇ
481 3559 608 3632 βουλήσει
623 3567 675 3617 τοῦ
693 3562 823 3633 βασιλέως
838 3561 966 3629 ὑπνώσας
981 3562 1012 3621 ἐν
1033 3570 1069 3639 τῇ
1084 3569 1162 3639 κλίνῃ
1185 3568 1237 3621 τοῦ
1254 3562 1364 3619 Ῥεντα-

277 3632 342 3685 sion
355 3628 427 3699 πρὸς
448 3627 577 3699 φυλακὴν
604 3627 702 3685 αὐτοῦ.
735 3643 792 3687 eret
814 3636 954 3689 Reutocius
978 3636 1023 3688 ille
1045 3636 1271 3707 protovestiarius,
1298 3636 1366 3705 prius

184 3726 187 3733 ·
276 3702 362 3769 aliquo
379 3709 494 3771 tempore
509 3716 526 3753 n
542 3700 667 3755 tfichoels
683 3700 716 3752 od
740 3706 889 3757 mouendum
913 3704 946 3757 de
968 3704 1063 3758 Bssilio
1086 3705 1231 3759 coronando
1253 3704 1366 3774 patriar·

276 3770 349 3823 cham
364 3771 471 3837 missu,
489 3778 517 3825 et
532 3779 618 3825 vestes
632 3770 779 3840 regiumque
794 3778 943 3843 apparatum
959 3791 1056 3828 ornnem
1072 3775 1228 3845 prolaturus.

359 3903 389 3962 p.
404 3885 426 3945 9
441 3901 468 3941 v.
483 3882 512 3945 4.
533 3880 653 3965 άμὲγας
668 3884 752 3961 dodi]
773 3892 872 3945 notum
884 3893 928 3945 est
949 3890 1025 3947 unde
1044 3888 1144 3949 Gracci
1166 3889 1245 3947 ducis
1264 3906 1365 3947 nomen

274 3969 439 4047 acceperint
460 3968 526 4025 inde
544 3966 691 4030 ὃοάααινα
707 3970 785 4027 ducis
805 3990 891 4049 uxor,
911 3971 1028 4033 Nicetes
1050 3974 1080 4030 in
1103 3973 1200 4031 Alexio
1219 3974 1364 4031 Comneno

273 4052 293 4112 l.
313 4057 340 4115 1.
361 4053 486 4129 δουκάς,
508 4048 672 4129 roscidae,
694 4050 835 4127 βουνιάδι,
857 4055 999 4121 δοοκάδα.
1040 4059 1172 4133 Synodus
1188 4058 1361 4116 Florentino:

199 4154 201 4158 ’
273 4135 327 4199 set
343 4136 380 4199 οἱ,
387 4133 506 4221 μεγάλοι
524 4131 733 4211 cridionensi
756 4134 884 4223 (λογάδες
898 4142 949 4203 καλ
967 4138 1123 4213 ὃοοκάδες.
1142 4142 1258 4218 legimus
1280 4143 1364 4201 ctiam

273 4222 307 4283 oi
326 4222 446 4295 doristus,
465 4216 520 4282 cdv
542 4223 637 4285 dorisco
661 4224 710 4284 scel
736 4226 861 4287 δοάκαν.
891 4226 995 4303 Tyrius
1020 4232 1115 4302 stagni
1133 4228 1208 4286 ducis
1228 4228 1363 4301 meminit,

176 4384 179 4387 Α
272 4305 323 4365 sed
335 4307 437 4368 iunctis
452 4314 481 4366 ct
491 4308 628 4389 corruptis
643 4309 794 4391 vocabulis,
806 4310 912 4378 2014:
929 4315 1001 4375 misit
1015 4330 1073 4373 curo
1087 4312 1170 4373 classe
1179 4313 1211 4373 dc
1222 4317 1278 4375 suis
1284 4316 1362 4392 pria-
