3092 4942
304 395 378 472 354
465 332 673 464 euersum
688 389 743 456 ΕΤ
758 387 890 458 eoum
903 384 1236 455 COMMENTARIUS

305 559 424 628 τάσσων
438 555 561 644 γράφει,
581 554 677 642 ἤγουν
697 551 732 622 τά
750 553 770 620 ά
784 557 868 620 δεῖνι
882 553 915 618 ἓν
930 555 1049 638 Χριστῷ
1060 554 1106 639 τρῖ
1118 553 1184 636 θεῷ
1196 545 1300 626 πιστάς
1314 551 1402 633 βασι·

304 645 374 723 tata
387 645 439 709 nul
455 637 647 728 αὐτοκράτωρ
657 642 824 722 Ῥωμαίων,
845 635 869 719 ἢ
883 635 1021 721 βσσιλεάς
1032 637 1200 718 Ῥωμαίων,
1216 637 1312 720 οἰκείᾳ
1326 635 1403 722 χειρὶ

303 727 467 806 άπστάξσς.
506 736 625 808 ergoet
648 722 828 816 προτάσσειν
853 731 883 783 et
903 721 1083 786 άιιοτάσσειν
1110 728 1155 781 est
1176 723 1349 800 praecentore
1371 728 1401 780 et

304 819 474 885 ιιιδιιιδδιιος
491 816 654 894 inquorum
670 812 786 875 notione
800 811 972 893 pervidenda
989 815 1020 870 et
1031 807 1196 890 explicanda
1205 806 1291 888 plane
1303 825 1401 866 caecu-

304 904 368 964 tivit
380 901 485 961 lunius.

300 1088 304 1098 s
388 1041 417 1100 p.
431 1019 474 1085 86
490 1039 517 1078 v.
543 1013 590 1082 14.
612 1008 652 1080 άν
666 1011 700 1078 dt
712 1011 784 1089 υἷάς
803 1007 886 1116 calep}
904 1002 946 1098 tl>
966 1011 996 1076 sl
1007 1007 1064 1091 pls
1086 1009 1245 1074 ἐκδίδωσιν
1260 1003 1400 1089 άντιιτάρ,

303 1099 415 1192 γράφει
436 1101 488 1168 aet
510 1095 617 1175 σάτός,
644 1095 821 1179 ιιροτάσσων
843 1120 950 1171 ουτως.
990 1097 1091 1157 omitto
1114 1095 1160 1154 hic
1179 1095 1265 1154 etiam
1284 1093 1401 1153 verbum

303 1185 481 1272 ιιρστάσσων
501 1185 573 1246 male
590 1185 740 1246 redditum.
775 1185 869 1264 priora
888 1183 1036 1258 sicpvertit
1059 1179 1173 1239 Iunius:
1202 1180 1300 1258 quodsi
1318 1179 1399 1257 filare

303 1283 343 1336 est
356 1277 425 1353 ipsi,
444 1273 572 1352 cipridem
588 1273 809 1350 σδτίδιιάρσινν.
850 1287 1006 1348 perperam.
1045 1262 1400 1344 legendamexcodllev.

303 1367 334 1421 et
351 1355 455 1420 Lautb
476 1356 652 1420 lvdtdorsso:
672 1359 788 1437 siputer
801 1355 940 1427 ιονισιάω,
960 1355 987 1411 ιι·
994 1357 1144 1432 mort.

373 1473 409 1528 ib.
426 1487 452 1523 ν.
465 1469 508 1525 15.
527 1466 693 1535 captus
713 1467 760 1522 152
777 1459 913 1535 luiturus
928 1459 956 1519 δ’
978 1457 1058 1534 σιἰτῷ
1072 1458 1256 1533 (Ἰνδρσιῖιιρι)
1273 1453 1291 1514 δ
1306 1455 1404 1542 scrip

305 1537 354 1596 nul
370 1535 405 1594 δι’
423 1533 553 1606 ἕρνδρῶν
568 1532 744 1605 ὑπογράφειν
758 1530 927 1606 γραμμάτων
937 1531 1054 1600 σιροστά
1110 1549 1158 1616 sap
1175 1524 1314 1617 ράριέντοι
1323 1543 1405 1598 paors

305 1608 354 1666 sul
372 1607 511 1675 άνδιιιτον,
531 1599 602 1660 ἄλλά
615 1599 790 1674 Ἀνδρόνικος
805 1604 926 1674 Χριστοῦ
941 1597 1032 1673 χάριτι
1067 1603 1176 1662 amisos
1195 1597 1339 1668 Ρωμαίων.

390 1734 419 1793 p.
435 1716 476 1775 87
486 1729 512 1768 v.
527 1713 555 1774 9.
585 1708 683 1768 Iturius
703 1710 802 1768 inscite
819 1712 945 1790 prometto
965 1727 1005 1767 rae
1024 1709 1204 1767 cletenbuusr
1227 1705 1263 1763 ul
1283 1705 1402 1767 ιἰισιδὲσ.

305 1799 362 1855 imo
380 1817 399 1855 a
419 1795 560 1870 caedibus,
581 1795 647 1870 quia
660 1795 812 1872 legendum
825 1790 950 1872 φόνων,
969 1812 1029 1852 nou
1042 1785 1183 1869 φθάνων.
1225 1787 1315 1864 qualis
1334 1808 1403 1867 pre-

304 1881 399 1940 missio
415 1880 450 1938 ab
464 1882 649 1958 imperatore,
668 1881 693 1938 si
707 1880 896 1958 premittatse
907 1875 978 1936 velle
991 1877 1131 1936 abatiam
1143 1873 1180 1934 ab
1197 1874 1318 1951 invidia,
1329 1891 1403 1932 ‚eum

304 1967 349 2026 vix
370 1967 474 2024 babeat
493 1965 538 2023 cui
555 1965 617 2044 ipse
635 1964 779 2043 invideat,
795 1965 860 2042 ipse
869 1963 1011 2022 communi
1023 1963 1147 2020 omnium
1159 1959 1402 2037 iuridiaeexposi-

303 2049 373 2109 tasi
414 2069 466 2110 aec
486 2054 562 2108 recte
581 2050 666 2108 vertit
686 2041 953 2131 άιιρωιηριοισμοάς
972 2047 1182 2105 concussiones:
1210 2043 1401 2105 mutilationes

302 2134 444 2212 debebas,
464 2133 534 2193 Iuni.
577 2136 643 2210 quie
661 2135 735 2194 enim
754 2133 857 2193 Graeci
871 2134 1056 2213 imperatores
1080 2132 1118 2190 ad
1133 2129 1232 2190 caedes
1246 2133 1277 2186 et
1289 2127 1402 2186 mutila-

302 2221 394 2278 tiones
409 2219 491 2278 valde
504 2220 628 2297 prompti
641 2225 731 2296 aaut,
751 2224 786 2276 ut
800 2237 836 2278 cx
846 2224 908 2278 tota
921 2217 1037 2276 historie
1049 2216 1209 2294 Byzantina
1222 2212 1320 2290 liquet,
1339 2213 1402 2272 iure

302 2303 421 2379 abillis,
441 2323 513 2380 quos
533 2322 638 2363 corona
655 2303 854 2382 exspectabat,
873 2303 1036 2382 exigebatur
1055 2307 1091 2362 ut
1112 2301 1166 2360 laec
1184 2299 1216 2358 iu
1235 2316 1268 2357 sc
1283 2298 1401 2357 medum

303 2393 432 2446 tenerent
450 2393 480 2444 et
496 2387 564 2445 nibil
583 2393 695 2466 praeter
711 2390 755 2447 fas
772 2395 898 2466 agerent
959 2463 962 2470 .
1291 2404 1295 2409 ·

387 2503 424 2562 il.
440 2521 467 2562 ν.
489 2503 538 2564 16.
563 2502 607 2576 εἰς
628 2499 683 2576 τάς
700 2497 801 2580 τόσας]
831 2505 901 2580 quid
918 2504 972 2564 boc
984 2502 1038 2562 sibi
1053 2501 1137 2578 velit,
1164 2502 1257 2560 fatear
1276 2517 1322 2558 me
1341 2517 1402 2557 aon

302 2588 430 2734 pppietqnh
452 2605 517 2646 uam
539 2588 616 2664 quod
634 2587 730 2647 Iunius
747 2589 848 2666 vertit,
867 2589 906 2649 ud
920 2595 1010 2648 ισισιιι
1024 2588 1074 2666 N,
1101 2588 1132 2646 id
1152 2586 1220 2646 mibi
1240 2604 1298 2646 nou
1315 2584 1402 2643 satis-

371 2771 436 2826 ibid.
471 2768 533 2840 quid
550 2769 599 2822 boe
615 2767 665 2822 sibi
681 2769 758 2835 velit,
774 2769 860 2823 fateor
876 2786 917 2823 ιι
932 2785 983 2822 nou
996 2767 1113 2854 sesequi,
1134 2766 1226 2824 scribit
1251 2772 1401 2826 Gema

303 2833 343 2894 nil
359 2841 461 2894 mirsmr
478 2843 612 2908 corruptus
624 2838 690 2892 euius
708 2843 739 2891 et
759 2838 875 2908 sulpuris
890 2843 932 2892 est
953 2838 1071 2907 loquendi
1091 2837 1197 2908 modus,
1225 2857 1276 2910 quo
1294 2846 1400 2910 quotum

301 2911 394 2962 mensis
411 2909 477 2962 diem
494 2913 617 2960 annuunt
640 2907 745 2960 Graeci.
769 2925 803 2960 ex
824 2907 924 2976 vulgari
944 2906 1109 2974 grammatice
1133 2909 1246 2992 percipio
1269 2925 1315 2962 eos
1343 2907 1401 2961 (lies

302 2978 394 3032 mensis
411 2986 586 3030 numereturos
603 2993 655 3028 σου
671 2975 806 3030 adiectivis
827 2974 996 3030 numeralibus
1018 2976 1064 3029 sed
1085 2977 1254 3031 substantivis
1275 2977 1329 3030 atis
1348 2993 1401 3029 usu

300 3046 365 3100 seim
385 3046 471 3099 dicunt
487 3045 615 3109 seeundo,
633 3044 747 3107 decimo,
767 3044 889 3112 vigesimo
913 3044 971 3108 die,
995 3061 1082 3097 verum
1098 3044 1131 3097 sd
1148 3045 1228 3110 duos,
1251 3045 1400 3111 adulscens,

300 3117 333 3168 sd
351 3115 443 3182 viginti
461 3115 517 3167 dies
535 3113 635 3166 mensis.
652 3113 726 3166 simul
743 3113 819 3167 etis·
836 3113 1032 3183 praepositionis
1055 3110 1096 3175 εἰς
1116 3115 1265 3168 nemesius
1284 3114 1402 3180 iunctm,

300 3199 374 3253 quam
391 3177 422 3234 ἐν
437 3183 540 3247 dativo,
561 3181 720 3250 frequentior
738 3190 779 3236 est
795 3182 864 3251 apud
880 3197 926 3234 eos
942 3198 1011 3236 usus.
1034 3182 1107 3234 vides
1125 3183 1213 3252 itaque
1228 3180 1269 3245 εἰς
1286 3178 1337 3245 τάς
1351 3178 1401 3234 τό·
1443 3237 1446 3245 ,

298 3269 350 3314 σοις
365 3250 416 3303 τοῦ
430 3248 533 3318 μηνός,
551 3249 585 3304 ιδ
603 3250 707 3304 verbum
723 3251 760 3304 sd
777 3259 815 3304 tot
832 3251 924 3304 ιιιιιιίι
942 3252 1012 3314 dien
1030 3250 1109 3303 scribi
1126 3251 1182 3304 vics
1198 3253 1250 3306 tali
1268 3253 1312 3305 dic
1328 3268 1400 3304 ιιι-

301 3322 347 3442 ιίιὶ
368 3319 526 3388 subiungitur
548 3311 581 3374 tv
605 3313 711 3394 ἡμέρᾳι
727 3325 757 3372 tu
779 3321 871 3390 supple
885 3319 936 3388 τῆς
957 3311 1115 3390 ἑβδομάδος
1135 3316 1248 3393 πρώτῃ)
1271 3315 1400 3393 δευτέρᾳ,

300 3408 317 3443 τ
346 3406 390 3459 τῃ.

318 3408 333 3459 (³
369 3473 405 3526 ib.
423 3489 449 3527 v.
460 3473 502 3526 22.
525 3467 647 3591 σνυόδῳέ
665 3489 716 3524 aon
733 3472 806 3525 unius
829 3469 977 3541 provinciae
999 3471 1121 3526 collectos
1142 3474 1278 3545 episcopos
1303 3490 1399 3542 omues,

301 3538 344 3590 vsl
361 3557 393 3592 ex
411 3539 549 3608 provinciis
565 3541 629 3592 omni
648 3557 678 3592 us
694 3540 855 3609 patriarches
871 3540 993 3593 subiectis
1010 3542 1140 3610 praesules
1157 3544 1268 3613 aliquot,
1292 3545 1325 3597 de
1341 3560 1400 3595 ruo·

299 3606 372 3660 ribus
386 3608 428 3660 vel
445 3606 570 3660 ecelesiae
586 3607 638 3659 fide
658 3608 849 3676 disquisitum,
869 3607 991 3662 σύνοδον
1015 3610 1059 3662 hic
1082 3613 1169 3664 soceri
1193 3612 1334 3675 existimes,
1351 3612 1399 3664 sed

303 3675 453 3728 teletarum
472 3676 532 3741 GP,
551 3676 592 3729 vel
609 3691 665 3728 cum
684 3694 714 3728 eo
732 3677 862 3746 praesules
880 3678 924 3747 qui
941 3679 1011 3730 forte
1028 3679 1073 3732 ΟΡ
1090 3689 1234 3734 versantur.
1252 3681 1313 3734 vide
1331 3681 1400 3736 luris

302 3743 354 3796 GR
372 3745 390 3796 l.
409 3745 427 3799 3
443 3752 471 3797 st
487 3743 507 3798 4
522 3744 652 3798 continere
668 3739 818 3806 σννοδιιιάς
831 3740 995 3815 άντοφάσεις,
1009 3747 1057 3799 boe
1073 3755 1113 3801 est
1128 3743 1320 3818 άρχιοροιτιιιάς
1335 3749 1399 3801 δια-

299 3807 405 3878 τάξεις,
421 3816 568 3881 pontificius
585 3813 774 3867 constitutiones
792 3813 910 3882 privatim
926 3831 942 3866 a
959 3815 1109 3883 patriarchis
1126 3819 1224 3884 editas,
1246 3818 1288 3870 cui
1305 3817 1401 3888 privati

300 3887 399 3933 tantum
417 3882 543 3952 paucique
560 3883 674 3952 episcopi
692 3881 823 3935 consilium
845 3883 945 3935 dedisse
962 3893 1139 3939 memorentur.
1164 3887 1223 3939 biuc
1241 3879 1402 3954 ἔνδρμοῦσα

302 3943 365 4014 ἱερά
379 3946 496 4010 σάνοδος
509 3953 685 4020 peregrinans
701 3959 726 4005 et
740 3955 840 4005 incerto
857 3953 984 4020 ιριιοάυι,
1013 3959 1041 4004 st
1063 3955 1114 4022 τῆς
1129 3947 1300 4024 ἒνδημσάσης
1322 3969 1402 4021 τηνι-

300 4016 390 4070 notra
412 4019 662 4088 συναθροισθείσης
683 4019 807 4075 συνόδου
829 4017 992 4088 συνέδριον,
1017 4025 1174 4077 occurrentis
1197 4031 1224 4079 st
1248 4025 1285 4079 ιδ
1308 4024 1402 4079 urle·

298 4086 383 4156 (forte
399 4085 518 4154 fortuito)
535 4090 628 4157 synodi
648 4091 801 4169 οοιιοίἱὴριιι,
819 4089 931 4144 eiusdem
947 4091 1032 4160 operis
1048 4108 1075 4162 p.
1090 4093 1151 4146 271.

382 4211 419 4271 la,
434 4195 476 4256 88
494 4211 520 4250 v.
536 4195 565 4254 2.
592 4192 769 4273 Thomaites]
796 4214 930 4272 magnam
944 4197 1016 4254 sacri
1030 4195 1128 4275 palatii
1148 4195 1318 4273 triclinium·
1332 4203 1366 4255 ut
1381 4219 1403 4257 a

299 4273 411 4335 Zonara
430 4275 460 4334 in
484 4277 599 4356 imperio
618 4278 713 4338 Ireues
735 4280 909 4357 nominatur,
940 4283 1018 4357 quod
1038 4281 1092 4338 sub
1110 4281 1209 4340 eadem
1221 4283 1401 4360 imperatrice

297 4363 494 4438 conflagravit3
523 4383 634 4440 unaque
649 4371 771 4424 cremata
787 4383 849 4423 esse
865 4366 994 4426 feruntur
1012 4385 1047 4426 eo
1067 4367 1096 4425 iu
1118 4366 1181 4427 loco
1197 4369 1401 4428 commentaria
