3092 4942
299 255 369 390 ιιε
453 249 732 387 casrsmrur
745 308 883 380 sonu
896 259 1265 410 commurmms‘

106 459 140 567 x·
210 550 213 553 ,
264 473 517 563 -άποβεβρκόσιν
530 471 566 539 ὃν
581 471 707 540 ἔκπαλαι
720 451 925 555 ὅστεροντοῖς
944 471 1122 556 ὑπερέχουσι
1140 470 1289 557 σονετάγη
1310 469 1396 556 παρά

297 569 420 644 roderic
437 563 585 644 μακαρίας
598 555 711 642 λήξεως
731 556 916 660 πατριάρχου
934 553 1276 632 Κωνσταντινουπόλεως
1293 565 1395 641 Γεωρ-

297 653 367 735 γίον
382 651 438 713 τοῦ
455 646 625 725 Ξιφιλλνον.
640 649 696 731 ’τῇ
708 647 816 723 πραξει
831 641 864 708 dl
879 637 972 730 ταύτῃ
987 641 1214 725 ἐπηκολούθησε
1225 645 1276 706 καὶ
1289 639 1396 726 γνάμη
1434 668 1438 676 ·

268 758 271 763 ⁴
298 736 424 820 γενναία
448 737 502 798 τοῦ
526 731 559 795 ἐν
591 727 689 814 άγίοις
714 728 932 812 μητροπολίτον
961 730 1181 810 Θεσσαλονίκης
1207 722 1396 804 Moschion,

299 821 467 887 ἐπαινοῦσα
489 814 541 880 καλ
561 814 720 895 ἐξαίρονσα
742 809 778 889 αρ’
801 808 989 896 γεγονὸςάς
1009 807 1135 896 εὐλόγως
1163 811 1215 876 καὶ
1237 807 1397 894 άμὲμπτως

298 902 444 988 πραχθέν.
487 921 550 963 cum
571 919 640 978 ergo
659 899 727 958 olim
745 898 871 976 quinque
891 900 1029 958 duntaxat
1047 898 1101 958 hoc
1120 898 1248 976 quinario
1272 915 1398 982 compre·

299 991 504 1067 benderentm,
522 986 583 1044 iure
603 985 730 1043 Godinus
753 977 888 1045 πεντάδα
906 984 1078 1060 nominavit,
1097 985 1247 1064 respiciens
1269 983 1398 1044 nimirum

301 1077 339 1134 ad
352 1073 550 1148 antiquiorem,
564 1079 621 1128 no‘n
632 1071 670 1128 ad
679 1068 756 1126 illum
768 1088 786 1126 a
799 1067 940 1145 Xiphilino
954 1068 1144 1142 introductum
1152 1088 1305 1129 nmnerum
1331 1087 1398 1128 nam

302 1167 332 1224 et
347 1145 540 1220 Balsamon'in
553 1153 652 1214 Melete
663 1173 715 1213 seu
726 1153 929 1231 disceptatione
942 1171 993 1212 sua
1012 1153 1049 1212 de
1067 1150 1161 1213 officio
1175 1153 1398 1233 chartophylacis

302 1252 332 1304 et
350 1241 519 1323 protecdici,
544 1245 612 1300 tom.
635 1240 653 1300 1
675 1239 741 1298 iuris
763 1237 1005 1298 Graeco-Romani
1021 1235 1079 1314 fol..
1091 1238 1171 1316 456,
1189 1239 1314 1314 quinque
1334 1245 1399 1298 tan·-

190 1370 193 1374 1
224 1329 226 1333 ’
302 1329 401 1388 tumin
413 1329 466 1386 hac
480 1325 569 1405 prima
585 1323 673 1382 classe
686 1324 785 1402 ponit,
805 1324 908 1383 omisso
930 1322 1113 1401 protecdico‚-
1124 1341 1229 1400 eosque
1250 1323 1317 1382 dicit
1336 1341 1400 1382 esse

302 1413 384 1490 qnasi
397 1413 521 1488 quinque
533 1428 632 1467 sensus
649 1408 839 1486 patriarchae,
859 1407 960 1485 quibus
979 1413 1116 1483 tanquam
1135 1408 1327 1472 instrumentis
1348 1427 1400 1469 ne·

303 1498 383 1580 gotia
395 1497 487 1556 omnia
500 1500 675 1570 exsequatur.
706 1498 790 1554 vocat
806 1494 890 1552 etiam
902 1493 1002 1552 horum
1016 1492 1141 1572 quinque
1153 1491 1402 1552 ecclesiasticorum

302 1599 448 1662 procerum
461 1578 613 1638 ministeria
633 1576 720 1639 πέντε
737 1576 883 1658 σεκρὲτων
902 1571 999 1658 εάαγῆ
1014 1575 1191 1658 λογοθέσια,
1207 1577 1262 1636 hoc
1284 1581 1352 1657 est,'
1366 1580 1401 1638 ut

302 1668 440 1744 interpres
454 1665 555 1743 vertit,
571 1665 685 1744 quinque
702 1669 857 1722 senonum
870 1662 997 1738 religiosa
1012 1665 1165 1724 ratiocinio.
1196 1663 1298 1721 rectius
1310 1665 1400 1724 forte:

131 1762 138 1772 ‘
176 1760 288 1814 <9154
305 1755 419 1830 quiaque
439 1756 593 1808 renatorum
617 1750 783 1807 comatoria.
821 1766 875 1808 nos
901 1749 977 1807 rebor
999 1746 1167 1826 expediendis
1186 1746 1343 1826 praefectos.
1370 1752 1401 1810 et

305 1835 395 1912 quivis
411 1834 511 1893 horum
534 1832 657 1892 habebat
676 1851 729 1890 sua
748 1832 935 1892 iniunctione
954 1832 1047 1910 plures
1065 1832 1222 1911 adiutores,
1247 1849 1319 1908 quos
1335 1831 1402 1890 Bal

303 1939 403 1979 samon
422 1925 504 1979 vocat
523 1917 717 1991 chartularios,
737 1921 793 1978 rosi
812 1912 908 1980 κόπου
928 1912 1125 1997 συμμέριστάς
1145 1915 1197 1978 καλ
1218 1913 1401 1999 σεκρετικοάς

305 1998 500 2082 ὄιακοννγεάς,
526 2002 625 2061 lobon
647 2007 792 2080 ονποτλα,
821 2007 978 2082 renatusque
1002 2001 1078 2065 illius
1104 2021 1150 2062 reu
1172 2006 1321 2064 crassioris
1354 2021 1401 2064 ναι

252 2109 258 2117 ’
305 2089 411 2150 constit
422 2088 601 2152 αάιοίιιῠλεοι.

389 2171 612 2250 Appellsbantur
624 2170 708 2229 iidem
726 2163 953 2244 ἔξωκατάκοιλοι
967 2163 1120 2249 άργοντες,
1136 2174 1169 2230 ut
1181 2168 1331 2230 Balsamon
1349 2169 1401 2230 do-

306 2262 352 2316 oet
364 2263 394 2315 et
404 2257 522 2314 loannes
533 2257 655 2333 Citrius,
669 2255 723 2313 etsi
735 2255 766 2313 in
779 2255 860 2312 huius
874 2253 1029 2332 Responsis
1042 2254 1178 2314 scribatur
1191 2255 1245 2314 hoc
1258 2275 1360 2314 nornen
1372 2256 1403 2314 in

307 2341 459 2419 penultima
474 2359 532 2398 non
545 2359 597 2416 per
612 2362 641 2401 αι
654 2338 706 2397 sed
720 2358 770 2416 per
789 2363 826 2419 εγ,
847 2335 1080 2419 ἒξωκατάκηλοι,
1095 2345 1127 2399 et
1149 2338 1251 2399 Latine
1263 2341 1403 2400 Exocata-

306 2426 373 2502 celi,
396 2430 429 2482 ut
444 2425 474 2481 in
490 2424 613 2482 editione
626 2420 771 2484 Bonelidii.
812 2424 863 2481 sed
884 2425 998 2485 vitiose:
1020 2443 1085 2483 nam
1108 2430 1185 2484 recta
1205 2427 1406 2503 scriptura'est

307 2500 547 2584 ἐξωκατάκοιλοι,
560 2506 662 2566 Latine
672 2509 854 2567 erocolecoelr‘.
868 2510 990 2588 graviter
1006 2516 1081 2588 errat
1094 2509 1203 2587 lunius,
1218 2530 1280 2572 cum
1295 2530 1323 2588 p·
1340 2510 1360 2570 4
1377 2529 1404 2569 ν.

310 2594 349 2658 13
362 2593 476 2653 verbum
486 2593 541 2651 hoc
552 2591 582 2650 in
596 2593 653 2666 duo
671 2592 785 2671 dividit,
800 2591 855 2666 ἔξω
868 2596 1069 2670 κατακοίλων,
1085 2595 1182 2671 itaque
1194 2595 1406 2674 interpretatur,

308 2679 514 2749 cotacoeloruor,
529 2681 577 2756 qui
589 2676 659 2755 sorio
671 2684 740 2738 sont.
758 2696 866 2756 nugoer
888 2678 999 2740 unicum
1013 2679 1178 2740 vocabulum
1191 2685 1252 2760 cst,
1265 2700 1323 2739 non
1339 2681 1405 2764 duo.

308 2782 395 2839 quare
414 2762 564 2840 legendum
586 2757 859 2844 ὁπρωτονοτάριος
881 2759 966 2844 θύρα
983 2768 1043 2826 τοῖν
1060 2763 1310 2836 ἒξωκατακολλων.
1340 2765 1406 2822 hinc

309 2850 393 2907 etiam
408 2848 585 2906 reformanda
597 2847 680 2907 lectio
694 2851 750 2913 c9
764 2867 792 2925 p.
811 2849 883 2914 665
899 2855 929 2908 et
944 2854 992 2926 12,
1002 2847 1049 2906 ubi
1067 2849 1162 2908 Iunius
1174 2851 1207 2924 ἳξ
1221 2845 1404 2924 κατάκοιλοι,

217 2927 220 2930 ’
309 2935 459 3008 redditque
473 2953 519 2990 rex
532 2933 667 2992 rotoooelr'.
685 2951 772 3008 quem
786 2932 931 2993 lectionem
943 2935 1071 2993 vitiosam
1082 2953 1154 3014 esse,
1169 2934 1233 2993 licet
1245 2936 1276 2992 in
1289 2935 1405 3007 Βατανί-

281 3059 283 3061 -
310 3020 349 3078 cis
365 3037 478 3096 quoque
489 3017 630 3076 codicibus
643 3023 788 3096 appareat,
802 3018 846 3076 vel
857 3037 891 3077 ex
901 3020 1087 3097 descriptione
1101 3019 1285 3098 protonotarii
1298 3019 1405 3082 discere

195 3117 198 3121 ’
311 3109 439 3183 poteret,
456 3103 503 3160 ubi
525 3103 660 3182 scriptum
676 3105 706 3161 in
726 3103 785 3161 suis
808 3103 892 3162 etiam
911 3105 1112 3182 exemplaribus
1135 3105 1239 3182 reperit
1258 3103 1406 3178 ἐξωκατα-

309 3189 437 3255 κοίλων,
461 3188 586 3261 quamvis
598 3187 671 3245 male
692 3188 824 3246 didunxit
839 3208 911 3265 quae
930 3191 1124 3267 coniungenda
1138 3194 1226 3249 eraut
1262 3190 1405 3264 quomodo

310 3291 380 3349 ergo
402 3289 477 3328 nunc
495 3289 529 3328 ex
555 3270 612 3345 ἔξω
635 3273 766 3350 procudit
784 3273 865 3331 nobis
886 3273 937 3348 ἓξλ
963 3293 997 3334 eo
1015 3276 1081 3333 item
1101 3274 1212 3332 nomine
1232 3291 1290 3331 non
1310 3278 1407 3352 potest

312 3357 379 3415 ferri
398 3354 446 3413 illo
466 3353 564 3432 lectio,
583 3356 650 3432 quia
664 3354 805 3436 ἄρχοντες
821 3358 869 3416 isti
880 3359 1052 3418 vocabantur
1071 3365 1139 3416 tunc
1156 3358 1240 3416 etiam
1258 3352 1406 3431 ἒξωκατά·

312 3444 423 3514 κοιλοι,
452 3437 566 3515 quando
590 3446 670 3498 erent
691 3448 802 3503 tantum
820 3444 957 3522 quinque,
980 3448 1014 3503 ut
1032 3461 1066 3501 ex
1087 3442 1255 3504 Balsamone
1276 3443 1405 3527 planum:

311 3543 371 3584 non
385 3542 454 3600 ergo
471 3542 490 3582 a
509 3541 624 3580 numero
639 3525 706 3583 dicti
718 3536 787 3586 sunt
797 3530 829 3602 i}
845 3524 1025 3590 κατάκοιλοι.

395 3608 456 3667 Sed
479 3626 551 3686 quae
571 3607 651 3666 notio
676 3609 757 3668 huius
777 3613 896 3671 nominis
918 3605 1167 3686 ἔξωκατάκοιλοιὲ
1186 3617 1221 3671 ut
1243 3611 1324 3670 Iunio
1342 3627 1407 3668 sua·
1455 3641 1457 3648 ·

312 3693 428 3751 viter⁹de
443 3694 560 3751 collibus
573 3698 602 3751 st
619 3691 782 3753 deecclesia
799 3701 828 3754 e'n
847 3698 955 3756 editiore
976 3697 1032 3756 loco
1060 3695 1139 3774 Cpolr'
1155 3717 1251 3776 semper
1267 3697 1407 3755 exstructis

313 3776 521 3855 philosophanti
554 3778 707 3856 assentiar,
734 3780 907 3840 committere
940 3800 999 3840 non
1028 3797 1151 3859 possum
1193 3782 1245 3840 sed
1272 3799 1336 3839 eum
1359 3779 1407 3864 qui

313 3882 348 3921 ex
372 3861 561 3921 ecocotocoelr'r
584 3863 666 3922 nobis
688 3866 834 3924 eotocoelor
862 3868 1006 3944 procudit,
1035 3866 1135 3925 falsam
1166 3866 1262 3924 itidem
1286 3860 1407 3940 origina-

313 3949 417 4005 tionem
429 3946 565 4004 fabricare
578 3964 630 4006 nec
647 3949 770 4009 insolens
788 3968 839 4010 nec
856 3969 959 4010 novum
976 3951 1064 4010 videri
1086 3951 1186 4027 debet,
1206 3949 1284 4007 euius
1300 3948 1408 4006 falsitas

312 4032 398 4090 cuivis
410 4031 516 4108 absque
525 4050 604 4090 mora
617 4034 773 4113 subolebit,
791 4037 838 4113 qui
852 4033 921 4095 haec
932 4035 1004 4094 Iunii
1018 4035 1176 4096 verberum
1193 4052 1277 4092 sensu
1289 4051 1409 4114 perpen-

312 4117 400 4175 derit:
421 4120 553 4175 maximoe
563 4117 685 4179 εοάιάαο
698 4127 825 4200 praeerat
836 4122 1010 4200 patriarche,
1028 4121 1137 4198 reliquis
1153 4125 1273 4197 pastores
1284 4122 1344 4194 rei,
1359 4119 1411 4196 .ραί

312 4201 624 4273 reconsecratores,
643 4202 719 4264 κατά
730 4200 785 4278 τάς
796 4201 937 4274 κοιλάδας
955 4202 1060 4280 singuli
1077 4211 1269 4263 οονινιονωιλω.
1307 4203 1411 4262 scilicet

314 4284 397 4366 Cpoli
409 4302 506 4348 omnes
520 4287 634 4366 parochi
649 4287 816 4351 habitabant
831 4291 861 4350 in
876 4288 1011 4368 vallibus,
1025 4286 1118 4350 nullus
1133 4289 1162 4347 in
1174 4287 1322 4349 excelsiore
1334 4286 1410 4348 urbis
