3092 4942
312 353 387 426 342
464 351 673 424 GRETSERI
692 353 747 420 ET
765 349 897 421 Gonni
916 349 1248 420 COMMENTARIUS

311 513 395 570 stituit
410 513 530 580 idoneos,
547 511 614 567 uude
630 511 795 582 imperatorio
811 511 928 566 convivio
945 527 994 580 pro
1010 527 1040 564 se
1056 517 1084 564 et
1098 510 1131 564 ils
1147 511 1193 580 qul
1207 516 1265 566 toto
1282 513 1341 567 anni
1360 513 1409 566 de·

310 599 387 637 cursu
403 581 585 649 invitarentur,
600 582 756 637 sufficientes
773 587 801 633 et
816 581 885 633 iuste
900 581 968 664 parti
987 587 1103 663 sumptus
1122 579 1326 650 suppeditarent.
1345 599 1408 652 pro-

311 652 353 704 cul
369 652 455 720 itaque
472 655 561 706 erata
583 650 755 716 custodiendis
779 648 876 704 bellicis
899 654 1088 717 rnauumenus,
1111 655 1142 702 ut
1164 648 1298 716 Xylauder
1320 658 1347 704 et
1364 651 1407 703 alii

311 726 370 774 sunt
385 720 497 789 opinati3
514 735 563 772 nec
579 716 724 784 κουροίτωρ
746 718 804 776 τῶν
827 713 992 787 καρκίνιον,
1012 733 1088 787 quem
1112 735 1168 770 aum
1191 719 1247 772 aliis
1268 719 1296 770 in
1318 719 1408 772 baadi

311 787 442 841 Comneno
460 789 574 840 Zonaras
591 794 619 842 et
635 786 805 864 Curopalates
821 793 957 851 memorat,
981 785 1045 838 alius
1070 792 1127 839 erat
1152 803 1227 855 quam
1249 787 1294 856 qni
1319 787 1408 845 domus

308 857 415 924 buiusee
432 862 460 910 et
476 856 601 909 redituum
618 856 673 909 eius
689 873 776 908 curam
793 856 908 908 baberet.
925 853 1014 908 turrim
1030 854 1087 907 sire
1101 857 1319 924 propugnaculum
1335 857 1409 925 ponit

309 932 382 980 extra
401 926 490 979 urbem
506 925 533 977 in
550 925 734 993 Mangsuorum
751 924 855 993 planitie
878 924 1073 976 Cautaouaenm
1095 924 1114 977 3
1135 925 1188 988 72,
1210 940 1319 992 eamque
1341 926 1407 979 adeo

308 993 429 1048 munitam
446 1011 469 1048 ο.
487 995 522 1050 80
538 999 565 1046 et
582 995 616 1047 87
633 993 744 1048 affirmat
760 999 790 1046 ut
807 993 895 1050 urbem
913 991 958 1045 CP
978 991 1021 1044 vel
1036 991 1106 1044 tueri
1122 991 1166 1044 vel
1182 1009 1331 1063 oppugnare
1347 1010 1408 1064 pos·

309 1069 357 1114 sat.
375 1062 552 1116 monasterium
567 1061 619 1114 illic
636 1061 686 1118 loci
704 1062 847 1117 construxit
864 1061 1046 1114 Monomaclrus
1058 1059 1248 1127 Constantinus,
1263 1061 1409 1131 legiturque

309 1131 379 1251 ns
395 1123 1408 1270 λικικλίκιέιιλικλκαεκυιλν,κοιλ

311 1217 407 1336 patriis
422 1267 515 1335 ταφῆς
531 1216 674 1337 ἔτυχεᾳνῆς
689 1261 833 1335 τυχούσης.
1276 1217 1301 1261 ις
1379 1218 1396 1268 γ

311 1371 364 1504 21'
376 1375 424 1498 dp
438 1357 478 1499 {li
492 1375 520 1458 J.
538 1361 567 1422 6.
588 1359 691 1420 festum
705 1354 886 1421 Constantini
899 1361 924 1416 st
941 1354 1041 1420 Halone
1049 1355 1137 1434 impp.
1151 1354 1294 1419 celebrant
1306 1355 1409 1416 Graeci

406 1459 422 1498 e
474 1459 518 1502 au·

379 1536 444 1590 illd.
476 1538 669 1592 Constantinum
691 1553 742 1591 non
762 1540 876 1592 σκοτίοιο
894 1535 969 1590 modo
987 1535 1034 1590 sed
1056 1541 1083 1591 et
1105 1530 1289 1591 bondonetus
1310 1537 1410 1592 Graeci

311 1603 459 1674 praedicunt
478 1607 511 1658 ob
529 1615 697 1676 propagatam
722 1616 749 1660 ot
773 1606 903 1660 defensam
926 1605 982 1659 eius
1004 1605 1089 1660 studio
1111 1606 1196 1660 fidem.
1219 1607 1339 1676 templum
1355 1607 1410 1660 SS.

311 1673 440 1741 Apostolis
456 1673 483 1726 in
499 1683 609 1744 utraque
626 1675 707 1728 Roma
725 1675 876 1728 aedificasse
891 1680 997 1728 eunome
1021 1674 1158 1743 loquuntur
1175 1673 1313 1740 historiae,
1338 1682 1366 1728 et
1382 1675 1412 1729 iu

311 1742 448 1794 eorundem
469 1743 553 1796 limine
580 1759 681 1814 capsam
703 1744 913 1814 porphyreticum
936 1743 1076 1813 Romnum
1097 1743 1179 1798 eidem
1200 1743 1227 1797 in
1250 1743 1410 1814 sepulchrum

311 1825 467 1866 concessum.

394 1884 429 1942 ill.
451 1902 477 1942 n.
499 1887 527 1948 8.
548 1883 669 1948 natalem
689 1883 757 1944 dum
773 1883 807 1944 S.
824 1882 933 1946 Ιοοινιίι
941 1885 1073 1963 baptistae
1081 1883 1188 1944 obeunt
1200 1884 1301 1962 Graeci
1314 1884 1410 1944 nobis-

310 1984 374 2025 eum
387 1964 429 2029 24
443 1969 489 2026 die
501 1968 582 2029 Iunii.
622 1970 785 2032 monosterii
805 1969 850 2032 cui
868 1968 956 2030 Petra
970 1988 1089 2049 nomen,
1110 1970 1235 2032 meminit
1254 1971 1408 2030 Cantacuz.

311 2053 332 2118 8
346 2050 397 2116 35.

378 2133 414 2186 ab.
430 2149 457 2186 v.
468 2134 495 2188 9.
520 2134 600 2190 Petra
623 2152 715 2190 nomen
737 2134 900 2218 monastefio.
923 2128 996 2203 μονὴ
1018 2126 1278 2217 προῇανορευομξνη
1302 2128 1409 2202 Πέτρα,

309 2199 400 2252 scribut
421 2200 616 2257 Cantacuzenus
639 2207 657 2261 3
680 2207 724 2288 ὅξ.
749 2204 827 2288 aedes
851 2204 895 2288 [¹1⁸
917 2218 990 2256 saera
1006 2203 1096 2285 Basilo
1111 2203 1259 2287 iliacedunrs
1275 2219 1339 2287 opus
1359 2209 1408 2267 est,

310 2268 1299 2408 inittnllllttttstititii.t.lt.ltl.t¹”.⁰l’⁶.it.tfi.t¹;
1317 2272 1410 2392 {in

254 2413 257 2422 ’
311 2396 342 2483 ἐκ
379 2401 479 2485 dunos
497 2401 650 2490 ἀνήγειρεν.
680 2411 784 2464 Petram
801 2426 865 2462 vero
889 2393 925 2490 ad
946 2407 1140 2490 monasterium,
1164 2409 1311 2489 eui-nomen
1327 2409 1410 2488 impo-

308 2474 626 2595 ἑιίιῐίέηὲιιῧιέτὲὧροβηλου
643 2475 753 2545 figuram
770 2480 869 2534 reterre
885 2478 973 2542 vident
989 2493 1035 2546 qm
1059 2484 1135 2530 etnam
1158 2477 1235 2530 bodie
1259 2477 1303 2531 ΟΡ
1328 2478 1409 2532 eosdm

203 2619 297 2678 P249
393 2611 429 2671 ib·
451 2632 477 2672 v.
501 2619 548 2678 12.
580 2617 657 2696 apud
678 2616 802 2678 Graecos
823 2616 983 2698 trigesimus
1006 2617 1066 2676 dies
1085 2615 1157 2676 Iunii
1179 2617 1307 2677 omuibus
1326 2617 1416 2677 simui

233 2746 236 2757 .
310 2696 445 2777 apostolis
467 2699 576 2758 dicatus
595 2708 647 2762 est.

326 2810 333 2824 ’
379 2795 443 2850 ibid.
478 2796 511 2848 de
535 2797 713 2868 Apostolorum
738 2797 809 2851 festo
839 2798 974 2853 solemnius
1003 2798 1048 2851 CP
1072 2797 1201 2851 celebrato
1228 2799 1293 2852 baec
1317 2797 1409 2851 Thec-

310 2863 424 2933 pbaness
453 2863 559 2934 Φῆστος
574 2861 750 2936 συγκλητικὸς
763 2864 873 2938 Ῥώμης
894 2862 1058 2928 ἀποσταλεὶς
1076 2862 1147 2934 πρὸς
1166 2862 1341 2920 Ἀναστοίσιον
1357 2862 1409 2919 ded

309 2949 389 3015 τινας
398 2931 490 3000 χρείας
505 2931 649 2996 πολιτικας
663 2931 714 2998 τοὶς
728 2933 837 3005 μνήμας
855 2937 911 2990 τοῖν
926 2931 1015 3021 ἀρίαν
1038 2932 1201 3022 circumsitos
1225 2935 1336 3022 Πέτρον
1356 2933 1410 3018 καί

307 3000 434 3123 gazum
450 3003 711 3074 πανηγυρικώτερον
738 3000 925 3062 ἐπιτελεῖσθαι
946 3019 1079 3078 ητησατο.
1102 3021 1119 3058 o
1143 3002 1191 3060 καλ
1210 3021 1409 3074 κρατειριεχρι

392 3142 427 3199 ib.
449 3161 474 3202 v.
494 3144 542 3206 15.
569 3146 673 3204 festum
687 3145 940 3223 mensfiguralionis
954 3152 1044 3224 egunt
1055 3145 1156 3205 Graeci
1170 3147 1191 3208 6
1203 3142 1335 3222 Augusti.
1376 3146 1408 3204 iu

307 3227 476 3285 monasterio
493 3225 701 3290 Pantomatoris
720 3231 848 3308 sepultus
866 3237 911 3290 est
928 3231 1042 3289 Mannel
1064 3232 1225 3289 Cemmenus
1246 3233 1407 3310 imperator,

308 3314 340 3369 ut
350 3311 447 3371 scribit
461 3311 577 3374 Nicetes
592 3316 629 3374 ed
643 3301 745 3374 calcem
758 3315 820 3374 libri
834 3320 854 3378 7
869 3316 1002 3375 derebus
1015 3315 1210 3377 Emmanuelis.

375 3425 411 3478 ib.
428 3444 453 3480 v.
467 3429 508 3481 16.
526 3427 624 3480 irenem
645 3429 780 3482 Andronici
796 3427 903 3482 senioris
920 3445 1026 3483 uxorem
1042 3430 1070 3481 in
1086 3430 1135 3482 boo
1151 3429 1304 3482 monasterio
1321 3429 1406 3499 sepul-

307 3495 360 3548 tam
376 3499 466 3546 narrat
482 3496 615 3562 Gregoras
632 3500 649 3552 ’ί
668 3499 708 3550 16.
725 3499 891 3566 regnantibus
906 3497 934 3550 in
957 3499 1066 3552 Oriente
1088 3498 1195 3551 Francis
1220 3493 1256 3550 τοὶ
1279 3499 1335 3551 τῶν
1350 3503 1409 3550 Λα-

305 3559 391 3614 τίνων
410 3559 536 3630 βασίλεια
563 3560 649 3631 ἡτοῦ
666 3564 894 3633 παντοκράτορος
917 3562 1022 3636 ὑπῆρχε
1046 3564 1139 3635 μονή,
1158 3567 1248 3620 scribit
1264 3567 1330 3620 idem
1346 3567 1365 3619 4
1381 3565 1408 3620 4.

306 3628 404 3696 regiam
422 3629 577 3700 sepulturam
595 3631 703 3684 dederat
739 3634 791 3686 rius
810 3635 923 3687 Manueli
940 3637 1084 3699 Comama,
1109 3647 1139 3687 ut
1156 3642 1245 3688 auctor
1270 3642 1311 3688 est
1326 3635 1409 3687 Nice-

307 3704 349 3778 tes
368 3696 394 3748 in
412 3698 466 3751 eius
487 3699 580 3756 vitea
601 3701 697 3754 Basilio
715 3651 858 3755 ilaceduue
901 3705 963 3756 rimo
988 3711 1161 3757 constructum
1177 3712 1207 3757 ‘et
1228 3720 1312 3757 annuo
1330 3719 1408 3755 censu

307 3768 386 3817 luisse
402 3766 522 3820 donatum
539 3775 629 3822 auctor
646 3778 688 3823 est
704 3771 851 3824 Cedrenusa
875 3769 1002 3840 ανήγειρε
1025 3769 1058 3826 di
1081 3772 1167 3841 (ναόν
1189 3773 1342 3838 Βασίλειος)
1359 3771 1408 3824 κοιλ

307 3827 339 3886 ἐκ
356 3833 501 3910 aaronem
517 3843 579 3900 ταῖς
598 3839 743 3910 βασιλείοις
761 3835 860 3901 αὐλαῖς
878 3838 918 3902 είς
939 3836 1029 3909 ὄνομα
1054 3843 1106 3895 τοῦ
1123 3838 1260 3896 δεσπότου
1284 3841 1409 3909 σωτῆρος

307 3903 438 3967 Χριστοῦ,
465 3915 492 3958 at
516 3907 595 3960 inire:
622 3905 671 3960 καί
697 3904 800 3971 ἄλλους
821 3905 854 3962 di
876 3905 995 3971 πολλοὺς
1016 3911 1115 3973 θείους
1137 3906 1227 3975 ναοὺς
1252 3903 1332 3974 ἐντός
1356 3908 1409 3963 τοῦ

307 3972 444 4026 παλατίου
458 3967 614 4042 ίὸομησατο
633 3973 673 4039 είς
687 3973 778 4045 ὄνομα
792 3978 844 4031 τοῦ
861 3979 984 4046 σωτῆρος
1000 3979 1131 4046 Χριστοῦ.

389 4061 425 4120 il.
447 4080 472 4119 v.
496 4063 544 4125 18.
574 4064 620 4122 die
638 4063 674 4126 15
689 4063 812 4143 Augusti
825 4074 915 4148 agunt
927 4066 1023 4128 Latini
1038 4089 1100 4127 cum
1115 4069 1231 4129 Graecis
1245 4070 1409 4145 assumptio-

306 4161 366 4201 nem
382 4144 409 4202 d.
424 4148 549 4220 uirginis.
593 4149 710 4228 Graeci,
738 4158 771 4210 ut
785 4159 904 4230 apparet
921 4172 955 4212 ex
968 4155 1093 4212 Menaeis
1109 4160 1138 4212 et
1153 4153 1336 4230 Menologiis,
1358 4171 1410 4210 vo·

306 4233 374 4287 cent
389 4229 444 4288 hoc
457 4231 560 4291 festum
574 4235 713 4311 κοίμησιν
727 4239 782 4314 τῆς
795 4238 960 4319 ν’περαγίας
973 4241 1133 4317 δεσποίνης
1147 4238 1236 4317 η’μαῖν
1249 4231 1408 4298 Caucinum.

306 4318 335 4370 et
350 4313 403 4375 hoc
418 4315 501 4376 titulo
522 4323 634 4376 exstant
656 4325 769 4397 patrum
788 4324 929 4382 orationes
946 4323 976 4381 in
997 4323 1051 4382 boe
1069 4325 1189 4401 lesbum,
1215 4328 1248 4380 nt
1260 4322 1288 4380 b.
1303 4324 1408 4379 Domu-
