3092 4942
1142 142 1163 187 s

482 291 695 366 INCODlNl
717 293 803 364 GAP.
828 294 872 361 V.
1157 297 1230 366 259

186 449 237 508 'ih
252 469 279 504 v.
297 451 324 506 2.
350 444 367 504 δ
384 445 469 520 μέγας
485 447 737 523 στρατοπεδάρχης]
754 454 805 508 hoc
816 453 871 508 eins
882 453 969 510 officio
982 455 1100 512 Zousm
1116 457 1231 514 celebrat

132 522 159 574 in
177 521 323 591 Nicephoro
343 519 443 574 Phocus
467 516 576 590 Πέτρον
592 515 732 590 ἔπτομίαν,
749 519 920 592 δραστήριον
936 519 969 577 δι’
985 541 1015 592 γε
1030 524 1079 579 καὶ
1097 523 1111 580 ἐ
1131 527 1230 598 βριθῆ,

131 588 182 644 ναὶ
198 586 293 658 άρχειν
312 584 409 642 εἰδότα
425 593 599 656 στρατιωτῶν
615 588 862 661 στρατοπεδάρχην
877 588 1036 661 ὀνομάσας,
1053 590 1090 647 ἵν’
1106 546 1139 650 ἵν
1154 600 1232 650 mte-

131 659 181 730 αίρι
197 659 262 726 δοίη
278 656 372 728 γάραν
387 658 425 728 τῇ
438 661 555 730 στρατιᾷ
570 654 621 712 τὸν
647 661 750 728 ειμάνα
763 660 919 730 διαγαγεῖν.
953 661 1054 715 isidem
1064 664 1166 720 videtur
1177 662 1230 734 τὴν

131 727 186 783 τοῦ
201 725 324 798 γάραιιος
340 720 499 781 ἐπιστασίαν
518 730 612 781 πᾶσαν
627 678 847 798 άπιμελοάμετος.
883 729 1060 799 curopalates

217 834 256 897 ib.
276 851 302 890 v.
317 835 345 894 3.
367 835 483 906 πστοῖν,
499 837 577 909 pctus
597 849 648 890 sen
662 831 890 913 poculentum,
910 853 970 893 non
988 835 1110 910 ποδοῖν,
1130 842 1165 894 nt
1184 835 1231 893 In-

130 919 213 996 nins,
236 917 286 992 qui
303 920 477 976 imtrwnmta
492 917 585 975 vortit.
605 918 657 975 sed
674 915 756 977 lectio
778 928 878 979 nostm
898 921 1078 978 confirmetur
1098 939 1133 978 ex
1153 921 1231 979 eodi-

128 1003 211 1061 cibus
231 1001 372 1068 Berenicis
392 1006 422 1059 et
442 999 649 1074 Lautherinno;
674 1007 704 1060 et
728 1021 773 1062 res
794 1024 846 1082 per
864 1023 897 1063 se
915 1004 990 1064 dara
1006 1011 1069 1080 est,
1090 1005 1232 1080 quianon

128 1089 224 1231 suppus
237 1087 390 1146 curandum
405 1091 450 1146 est
465 1093 498 1146 nt
511 1087 642 1146 exercitui
661 1105 720 1147 non
739 1088 813 1148 desit
833 1096 921 1172 potus
936 1108 1021 1167 qnam
1032 1096 1067 1148 ut
1083 1109 1143 1148 non
1159 1090 1234 1148 desit

95 1201 101 1208 ·
126 1192 156 1232 cr
176 1192 218 1232 ns.

202 1269 237 1322 ill.
252 1285 279 1320 v.
297 1269 325 1322 4.
340 1261 381 1328 εἰς
396 1261 451 1334 την
466 1263 653 1337 παράστασιν]
669 1269 778 1323 omnium
794 1268 838 1340 qni
849 1267 989 1338 dignitates
999 1275 1027 1322 et
1038 1270 1233 1339 officistenent‚

130 1339 205 1392 eirea
221 1337 397 1406 imperatorem
414 1337 441 1388 in
457 1336 520 1388 solio
537 1337 683 1401 sedentem,
702 1355 757 1390 cnm
776 1338 887 1391 vestium
906 1343 1031 1409 apparatu
1050 1347 1078 1392 et
1093 1341 1233 1408 insignibus

130 1415 209 1462 unns
222 1407 374 1474 scutulatus
388 1412 429 1458 est
445 1401 626 1472 παράστασις.
662 1406 860 1474 δουλοπρεπῶς
873 1404 1047 1474 παρεστάναι
1063 1409 1164 1478 scripsit
1182 1409 1235 1461 Ni-

133 1481 209 1528 cetes
226 1475 251 1528 in
272 1475 369 1528 lssooio
386 1474 498 1542 Angelo,
519 1479 546 1528 ot
564 1473 668 1528 iterum:
687 1471 857 1544 οῑῬωμαῖοι
867 1477 1115 1542 παραστατοῦντας
1125 1474 1234 1546 ἔχουσιν

132 1539 271 1604 ἅπαντας.
306 1545 332 1595 in
351 1543 439 1596 Alexio
455 1543 582 1597 secundo:
606 1537 683 1612 εἶχον
700 1540 788 1607 εὐθὺς
802 1539 869 1606 τούς
881 1545 1072 1614 παραστάτας,
1090 1546 1139 1598 ταὶ
1159 1542 1235 1598 ὅσοι·

130 1629 189 1680 περ
206 1605 299 1698 ἔκειίνφ
317 1607 488 1697 συνήδρευον
504 1607 553 1664 διά
571 1607 670 1696 γένους
686 1609 866 1696 λαμπρότητα
881 1611 930 1667 καὶ
946 1609 1112 1698 άξιωγιάτων
1135 1613 1231 1697 σεμνό-

130 1677 1142 1806 mh?tzittttttttltttt·ttmttttffi‘ttlfftttlth
1156 1685 1234 1806 2¹:¹55

131 1765 216 1888 porppe
226 1767 357 1872 rlcorsudcg
354 1819 404 1871 δυο
413 1801 522 1885 paruuli
531 1820 708 1887 imperatores.
732 1821 817 1890 potnit
827 1825 853 1872 et
864 1819 963 1872 Caesar
972 1821 1125 1890 quandoque
1134 1791 1234 1874 sidere

133 1888 309 1957 Theophanes
323 1887 351 1940 in
376 1885 500 1939 Michaele
523 1887 674 1957 Theophili:
701 1889 753 1940 curi
774 1885 873 1955 Βάρδα
897 1888 1039 1953 Καίσαρος
1060 1890 1103 1960 τρι*
1127 1889 1236 1959 βασιλεῖ

132 1952 342 2022 προσελθόντος
367 1951 588 2024 συγκαθίσαντός
614 1953 712 2009 τεκαὶ
734 1955 954 2025 συνομιλοῦντσς.
975 1955 1094 2010 elicuisse
1114 1975 1233 2010 nonnun-

134 2042 213 2096 qnsm
230 2024 286 2078 eliis
306 2024 398 2078 sedere
410 2026 460 2092 τῆς
475 2018 626 2091 ἐπιτροπῆς
648 2021 811 2094 γενομένης,
834 2025 966 2094 ipsumque
987 2025 1087 2094 imperii
1109 2026 1234 2094 collegam

134 2095 287 2164 quandoque
303 2093 421 2157 stetisse,
444 2100 533 2144 usrrnt
549 2092 744 2146 Centnouzenus
764 2097 778 2146 1
796 2095 813 2147 8
858 2095 908 2144 hoc
925 2093 1054 2147 assidendi
1072 2095 1112 2146 ius
1128 2095 1234 2165 pontifi-

133 2180 181 2218 cos
196 2165 312 2216 Graecos
327 2163 360 2215 nb
375 2159 520 2215 Andronico
538 2163 698 2230 postulasse,
721 2177 803 2232 euque
821 2158 883 2212 licet
898 2163 1003 2215 obtento
1019 2161 1128 2216 ridicule
1145 2164 1234 2234 prive-

134 2240 193 2297 tos‚
208 2233 273 2286 libro
290 2231 361 2284 vites
378 2229 432 2283 eius
447 2231 465 2284 3
484 2230 591 2284 Nicetes
609 2229 729 2285 ostendit.
764 2231 798 2284 de
813 2230 962 2301 pntrinrchn
977 2249 1062 2288 eornm
1077 2233 1234 2304 imperatore

133 2301 245 2357 sedente
260 2315 306 2354 sno
322 2300 380 2354 loco
397 2299 504 2354 dicetur.

219 2407 256 2469 ib.
276 2425 304 2464 v.
327 2408 375 2469 12.
396 2405 596 2486 hyperpyrum]
622 2411 751 2466 monetae
771 2426 868 2485 genus.
894 2408 1008 2466 indocte
1027 2406 1125 2466 lunius
1146 2407 1234 2466 uelum

132 2497 162 2552 et
184 2493 346 2551 involucrum
366 2492 460 2550 coloni
479 2495 560 2568 ignei.
588 2493 672 2570 longe
697 2493 819 2551 deterius
840 2491 1025 2552 Lennelevins
1043 2494 1073 2550 in
1092 2493 1234 2571 legatione

135 2579 176 2636 cd
188 2575 349 2652 Armenios,
362 2577 410 2634 ubi
423 2577 493 2643 haee
507 2577 674 2654 Theoriuni,
689 2578 738 2652 qui
752 2578 920 2656 Cpolitnnus
933 2578 1044 2656 legatus
1057 2579 1127 2654 fuit,
1147 2578 1234 2636 verbe

135 2662 282 2740 leguntur:
304 2660 435 2725 ἔστωσαν
454 2661 495 2735 οἷς
514 2662 547 2724 ἐν
563 2661 709 2724 ὑποθέσει
722 2661 882 2745 άπέρπυρα
894 2666 977 2744 τρία,
997 2666 1068 2742 μιᾶς
1081 2659 1156 2723 ὄντα
1169 2657 1235 2738 φά-

137 2765 229 2820 σεοος,
254 2751 368 2828 χρυσοῦ
393 2741 541 2826 δηλονότι.
571 2743 624 2810 ἐάν
650 2738 708 2808 οὖν
730 2741 847 2809 τούτων
866 2748 904 2808 ἓν
924 2746 1122 2825 πυρακτήσσο,
1152 2745 1234 2808 ἔσται

134 2827 260 2905 πάντας
272 2827 307 2894 τά
322 2830 593 2913 πεπυρακτωμένον
608 2824 665 2892 dv'o
680 2828 818 2908 φύσεων,
839 2829 913 2912 λέγω
928 2830 961 2894 δὲ
979 2827 1077 2911 πυρὰς
1096 2830 1148 2892 καὶ
1162 2854 1234 2911 γρυ-

137 2921 205 2982 σοῦ.
227 2911 289 2980 εἶτα
307 2912 422 2990 §odone
439 2921 527 2978 τοῦτο
547 2919 610 2989 τοῖς
629 2919 746 2989 λοιποῖς
766 2914 835 2978 δυσὶ
854 2921 917 2988 τοῖς
936 2912 977 2996 μὴ
999 2914 1229 2997 πεπυρακτυμέ·
1245 2923 1268 2976 P
1285 2925 1337 2976 203

136 3025 220 3076 νοις,
242 2999 342 3082 ἔρωτά
358 2997 439 3066 πόσα
454 3005 513 3064 νῦν
536 2999 594 3062 elul
608 3004 701 3062 ταῦτα
723 2996 760 3062 τά
773 2997 949 3080 ὑπέρπυρας
971 3001 1037 3082 τρία
1056 2998 1098 3075 οἷς
1117 2997 1234 3084 πρῴην,

134 3082 161 3168 ἢ
177 3082 227 3149 διά
242 3083 408 3166 crispeium
430 3090 486 3148 τοῦ
506 3082 599 3166 πυρὰς
618 3083 754 3166 ἐγένοντο
776 3083 919 3166 τέσσαρας
938 3105 1013 3161 qnae
1029 3087 1167 3164 interpres
1194 3087 1235 3145 its

137 3173 239 3232 vertit:
261 3176 314 3230 sint
335 3175 390 3230 tria
412 3171 456 3230 hic
477 3171 548 3229 uelut
562 3175 626 3246 igne
636 3175 759 3248 potiora,
780 3188 896 3249 prorsus
919 3171 1026 3229 inscite.
1054 3173 1235 3229 vertendum:

135 3257 272 3338 faciamus
292 3255 335 3314 hic
357 3260 412 3316 tric
427 3275 480 3316 cese
495 3257 658 3334 hyporpyra,
682 3259 762 3314 unius
786 3261 899 3316 nctcrm
914 3275 960 3315 εστι
977 3259 1117 3332 παίονται,
1138 3276 1236 3315 oureus

138 3343 214 3404 veti
225 3347 328 3418 potin.
349 3345 478 3418 eiigitur
498 3362 579 3400 υπαπ
600 3361 633 3400 ec
653 3340 694 3399 his
715 3345 846 3417 ignescere
858 3341 981 3418 faciam,
1002 3345 1105 3400 omnino
1118 3345 1235 3416 r‘gnitnm

132 3427 212 3494 ,illud
223 3428 330 3508 dunler
346 3431 451 3488 nolonte
466 3428 604 3498 constabit,
625 3445 658 3484 ec·
673 3429 736 3502 igne
749 3427 873 3486 videlicet
889 3431 916 3484 et
929 3445 1003 3486 curo.
1023 3431 1050 3486 ct
1068 3427 1159 3485 deinde
1175 3427 1235 3486 ulia

133 3515 195 3573 duo
208 3532 259 3570 non
271 3512 558 3588 ignito-adiiciuntur,
583 3531 679 3589 ηυαττο
698 3517 760 3588 quot
780 3531 851 3570 πυπσ
870 3514 925 3570 rint
954 3512 1034 3570 huius
1052 3515 1156 3588 generet
1181 3512 1235 3590 hy-

135 3597 274 3680 perpyru?
293 3596 444 3677 (interpres
459 3603 583 3674 pontoium
595 3599 649 3654 siut
662 3595 726 3655 hoec
740 3597 853 3672 ignito?
871 3595 959 3655 male:
980 3615 1067 3654 unum
1079 3597 1153 3654 enim
1169 3602 1235 3656 tan-

133 3679 287 3764 tummodo
307 3682 488 3762 hyperpyrun
507 3681 627 3758 ignitum
649 3686 694 3739 est
713 3700 748 3740 ex
766 3680 917 3760 hypothesi
940 3680 1029 3760 facta)
1050 3701 1114 3740 num
1133 3685 1188 3740 trien
1204 3687 1236 3739 ut

139 3777 238 3844 cuttu,
253 3787 294 3826 uu
300 3775 405 3846 propter
417 3773 542 3826 naturum
555 3771 627 3842 igro's
637 3766 719 3844 factu
732 3775 796 3825 sont
810 3768 957 3844 ηαοιισυτδ
974 3767 1004 3824 in
1018 3767 1138 3824 eundem
1157 3785 1235 3824 erro-

141 3871 202 3912 rem
215 3851 312 3910 iucidlt
331 3853 405 3910 idem
418 3852 556 3930 interpres
570 3851 617 3910 sol.
634 3837 712 3928 114⁸,
732 3851 781 3908 ubi
793 3854 855 3911 τῶν
871 3845 1051 3933 άπερπάροον
1065 3853 1151 3911 vertit
1162 3856 1236 3927 ι’ριιίε

141 3942 321 4017 stipationem,
340 3938 448 4012 ubsque
459 3937 516 3994 ullo
529 3955 629 3994 sensu:
650 3936 816 3994 vertendum
827 3936 1122 4016 enimhyperpyrorunn
1143 3955 1237 4012 neque

141 4025 255 4082 numine
267 4021 369 4082 Latino
384 4024 438 4081 hoc
450 4028 579 4080 monetae
598 4039 687 4097 genus
700 4020 817 4100 exprimi
830 4027 934 4099 potest.
953 4021 984 4078 in
1003 4019 1146 4080 Pandente
1160 4021 1236 4079 Tur-

142 4111 202 4168 cico
220 4115 296 4168 recte
316 4109 352 4166 de
368 4108 534 4187 hyperpyris
555 4106 651 4164 scribit
671 4104 864 4165 Leunclevins
890 4109 941 4165 sed
967 4106 1012 4165 hic
1039 4111 1136 4164 tentus
1158 4125 1236 4164 error

142 4195 318 4272 detegendos
342 4195 412 4271 finit,
432 4193 536 4268 nequi
556 4192 586 4248 in
608 4210 728 4250 errorem
750 4192 925 4251 inducuntur.
950 4191 1015 4250 hinc
1041 4192 1236 4272 hyperpyrcn't

144 4280 194 4356 qui
213 4283 362 4362 hyperpyrn
380 4279 478 4340 tributi
498 4277 610 4338 nomine
622 4275 742 4338 solvunt.
762 4276 828 4336 vide
841 4295 915 4356 quae
937 4278 1055 4338 diximus
1076 4284 1142 4336 tout
1162 4281 1181 4339 3
1198 4277 1235 4334 de
