3092 4942
291 362 367 432 23⁰
456 359 664 429 GRETSERI
675 360 732 427 ET
746 357 878 427 GOARI
891 356 1223 427 COMMENTARIUS

293 523 339 577 illa
351 520 458 576 brevior
474 529 516 575 est
532 527 561 575 et
577 536 652 576 saras
666 519 769 586 lambit,
792 518 887 574 finibus
903 522 976 573 caret
992 522 1019 571 et
1039 515 1127 587 plicis,
1150 516 1234 586 globis
1255 532 1300 573 sua
1324 516 1391 573 mole

293 592 435 661 conspicuis
450 591 589 661 colligatur
603 591 637 645 ad
653 588 733 643 imum
752 604 836 659 nsque
857 596 961 659 pectus,
982 602 1075 671 corpas
1099 586 1254 657 adstringit,
1280 593 1308 641 et
1324 602 1391 641 aona

293 661 486 733 praecingitur,
510 661 558 714 sab
580 675 633 729 qus
655 674 757 713 amram
782 664 866 713 motus
887 657 984 710 limbos»
1000 673 1054 710 orrs
1069 656 1231 711 interioribus
1246 662 1347 711 msutos
1364 662 1393 709 et

293 730 434 783 subductos
453 730 608 783 manifestat.
641 729 707 784 haec
731 732 813 795 (aaa
841 722 1010 795 ουαροῖνιυον
1027 726 1079 791 est)
1096 725 1197 793 longior
1214 725 1246 779 ad
1262 726 1327 779 talos
1346 726 1393 778 de-

294 798 367 867 fluit,
393 805 485 869 aperta
506 798 605 867 geritur
627 803 655 851 et
678 744 778 864 aingflo
795 796 889 860 libera,
911 796 1014 849 sinuosa
1031 810 1082 847 uon
1102 799 1142 847 est
1157 794 1244 865 priore
1260 795 1321 847 licet
1337 811 1393 847 am-

293 868 377 938 pliora
395 866 463 919 unde
474 872 506 920 'et
521 865 654 920 lation‘bm
673 865 802 935 ramoque
819 863 937 932 matricis,
955 862 977 917 si
995 862 1171 932 expandatur,
1188 862 1270 916 cruda
1286 864 1393 915 formam

295 936 414 989 exhibete
439 936 540 1005 quade
556 952 635 989 caasa
650 934 811 987 sacerdotum
829 932 956 997 tunicam,
982 949 1030 984 ceu
1047 932 1200 985 senatoriam
1217 937 1244 985 et
1259 948 1394 1003 procerum

294 1004 441 1127 utta
454 1004 546 1127 luo
560 1001 1033 1139 {rt”'„t¹¹tu¹⁰sa0ruor:
1048 1000 1395 1137 'illustrarunt

295 1137 482 1209 saecularior,
498 1092 547 1195 siai
564 1125 601 1203 oio}
617 1090 719 1209 φμοιησίν,
737 1135 768 1193 iu
787 1137 926 1225 pastinatio
943 1137 1059 1204 δωρεᾶς,
1077 1134 1118 1200 εἰς
1133 1133 1218 1207 τιμὴν
1235 1132 1395 1207 loquutione,

205 1240 209 1246 ·
296 1206 343 1266 ὅτι
358 1208 408 1263 sal
424 1207 600 1280 συγκλητικοὶ
615 1212 705 1264 ταῦτα
728 1200 887 1262 traconem.
921 1208 1026 1278 primam
1045 1224 1112 1276 quae
1131 1208 1224 1261 milites
1241 1208 1317 1261 decet
1335 1210 1395 1261 laa-

296 1281 345 1332 dst
362 1281 476 1332 Taetaes
493 1278 601 1331 chiliad.
618 1282 652 1333 2:
675 1273 787 1345 ἔσθημα
811 1271 960 1345 ἐνυάλιον,
983 1276 1156 1342 στρατιωτῶν
1172 1271 1204 1329 τὸ
1221 1272 1301 1345 εἷμα,
1326 1271 1396 1343 ὅπερ

295 1344 425 1419 sadalino
441 1344 549 1415 λέγεται
565 1342 624 1401 eiad
647 1345 787 1418 Κυβοίᾶου
812 1341 934 1412 Πέρσου.
969 1362 1057 1399 verum
1073 1345 1100 1397 in
1118 1346 1326 1415 caladcmlrunc
1342 1346 1397 1399 Ro·

296 1434 397 1471 manum
414 1432 502 1485 sagum
517 1416 689 1485 degenerasse
705 1422 820 1469 summo.
855 1416 889 1468 ab
906 1415 1018 1483 Assyriis
1028 1414 1070 1467 'ad
1088 1414 1183 1467 curiam
1202 1414 1246 1467 ΟΡ
1262 1415 1398 1469 transiisse

271 1488 281 1502 ‘
298 1486 396 1538 scribet
412 1492 502 1538 auctor
519 1485 625 1538 interius
643 1502 668 1537 c.
685 1486 702 1538 6
717 1484 750 1536 ad
769 1484 877 1547 calceum
894 1484 963 1555 quod
983 1484 1015 1536 de
1032 1490 1154 1551 externo,
1180 1501 1228 1537 acu
1246 1485 1398 1537 aRomanis

297 1554 386 1606 usibus
405 1554 501 1619 alieno,
524 1553 619 1607 dictum
635 1554 724 1606 lubens
741 1553 896 1623 amplector:
918 1570 934 1605 a
959 1570 1044 1621 cappa
1060 1568 1122 1605 vero
1139 1552 1221 1621 (quod
1239 1553 1282 1605 alii
1296 1553 1399 1605 commi·

296 1622 580 1691 niscantur)‚.barbara
595 1622 745 1676 Latinomm
760 1639 826 1675 voce
842 1628 1022 1693 nuncupatum,
1039 1636 1056 1675 a
1071 1622 1152 1678 forma
1167 1621 1291 1691 siquidem
1305 1624 1399 1677 abhor-

297 1696 358 1758 ret,
374 1708 409 1745 na
423 1692 503 1745 σίτοιο
522 1697 640 1758 moveat,
657 1692 740 1745 nullm
756 1692 888 1767 affirmet.¹

383 1776 565 1861 Κυββάὸιου
578 1781 715 1859 despotae
730 1786 776 1839 est
797 1774 860 1855 ὀξύ.
881 1786 915 1839 ut
927 1776 1066 1857 intelligas
1084 1778 1153 1855 quid
1172 1780 1210 1839 sit
1224 1778 1300 1839 color
1315 1773 1399 1854 σ’ξύς,

192 1866 214 1919 P
231 1867 283 1925 197
299 1867 368 1924 audi
380 1867 449 1942 quid
463 1865 650 1926 Casaubonus
665 1886 699 1926 er
710 1865 846 1925 Turnebo
858 1865 962 1925 scribat
974 1867 1011 1923 ad
1023 1865 1092 1923 illud
1107 1864 1238 1924 Trebellii
1251 1864 1400 1923 Pollionis:

298 1952 451 2029 chlamydes
467 1957 525 2011 oerr‘
537 1952 645 2011 lamissio
663 1953 788 2011 limbatas
806 1952 883 2014 duas.
911 1950 1005 2009 lumen
1023 1968 1081 2009 nou
1103 1956 1148 2009 est
1166 1950 1266 2011 coloris
1287 1967 1400 2028 nomen,

293 2031 350 2095 'sed
363 2037 499 2115 affectius,
520 2036 569 2111 qni
582 2037 710 2113 sequitur
727 2036 835 2097 colores
852 2036 1027 2094 intensiones.
1050 2054 1202 2114 purpuram
1218 2033 1276 2094 ‘veri
1288 2036 1400 2095 luminis

298 2122 424 2200 appellat
450 2124 552 2182 clarum
576 2120 757 2201 Lampridius
783 2122 813 2180 in
840 2120 1031 2197 Diadumeno,
1059 2120 1088 2177 in
1111 2119 1271 2181 Alexandro
1294 2123 1400 2181 Severo

300 2207 483 2269 alamannam.
524 2206 662 2284 Vopiscus
684 2208 714 2265 in
735 2207 840 2265 Carino
869 2206 964 2265 lumen
992 2224 1134 2283 purpurae
1162 2206 1286 2284 eleganti
1314 2207 1399 2265 verbo

300 2291 453 2367 expressit,
474 2309 536 2349 euru
551 2290 635 2350 lineas
648 2294 774 2350 πιίισπῑιι
783 2310 905 2370 purpura
918 2289 996 2349 dixit
1029 2289 1129 2349 Graeci
1144 2292 1192 2366 qui
1205 2292 1300 2371 purius
1314 2292 1400 2351 locuti

299 2380 382 2450 suut,
405 2375 464 2431 veri
484 2374 595 2433 luminis
614 2374 720 2433 colorus
739 2377 836 2434 dicunt
857 2370 1109 2452 dgaipsposterior
1128 2382 1206 2437 aetas
1221 2372 1401 2455 ἀληθινούς.

297 2460 376 2515 uude
387 2458 508 2516 obtinuit
518 2464 551 2515 ut
565 2452 698 2537 α’ληθινά
710 2460 918 2537 appellarentur
932 2461 1024 2518 omnia
1038 2480 1178 2537 purpurea
1191 2469 1308 2542 propter
1319 2482 1401 2543 prae-

298 2542 434 2601 stantiam
448 2543 520 2602 sacri
532 2544 651 2603 munem.
672 2546 749 2621 apud
764 2543 960 2603 Balsamonem
983 2546 1013 2603 in
1034 2544 1202 2605 Photianum
1222 2547 1399 2607 Nomocauo·

299 2646 366 2687 uem
379 2628 466 2687 habes
486 2621 621 2707 ἀληθινοὶ
636 2622 834 2708 ν’ποδήματα,
856 2629 1032 2689 calceamenta
1048 2650 1183 2709 purpureo
1201 2639 1228 2693 et
1244 2638 1303 2693 ουν·
1319 2634 1400 2694 lumi-

300 2717 362 2789 nis,
379 2714 416 2772 de
434 2712 535 2790 quibus
545 2714 630 2774 etiam
643 2715 786 2793 Corippus
797 2714 874 2773 laud.
888 2714 1023 2777 Iasonia
1041 2714 1115 2801 wit

300 2810 1004 2947 nantolicuiiofftulilllatttl‘utltl?
1018 2814 1402 2952 tttlttttultttilt

301 2948 474 3011 discriminat,
500 2950 632 3019 colligitur
650 2946 758 3005 senarsl
794 2949 838 3018 qui
855 2950 1011 3019 pertinacius
1029 2952 1183 3017 asseruerit,
1206 2954 1304 3006 colores
1329 2955 1400 3023 ipsos

299 3014 429 3087 inspiciat.
463 3017 490 3070 in
514 3035 551 3071 ms
572 3020 670 3073 Titiani
691 3020 777 3072 limine
800 3018 964 3088 imperatoris
987 3020 1089 3087 effigies
1106 3022 1209 3075 rubrum
1225 3030 1338 3076 ostentat
1353 3040 1401 3074 ve·

301 3086 461 3153 sumerton,
486 3087 513 3139 in
532 3088 732 3155 Sandionysiaao
748 3086 897 3141 violaceum.
931 3088 1068 3157 utrobique
1085 3089 1194 3143 eiusdem
1212 3091 1400 3161 estprincipio,

301 3152 429 3208 Manuelis
451 3156 580 3209 nimirum:
604 3158 743 3211 violaceum
760 3156 849 3225 itaqua
866 3156 932 3211 sieut
949 3165 976 3209 et
991 3174 1146 3228 purpureum
1163 3160 1212 3211 sibi
1229 3161 1334 3213 assumit
1351 3162 1400 3213 im·

301 3230 420 3289 perator.
454 3230 483 3277 at
499 3225 639 3295 despotae,
658 3226 690 3279 de
707 3242 758 3295 quo
776 3241 868 3292 sermo,
887 3232 915 3277 et
930 3224 1091 3295 imperatoris
1109 3229 1245 3282 communis
1265 3236 1307 3282 est
1324 3231 1400 3282 eaba-

303 3289 345 3341 dis
361 3297 482 3356 ornatus,
505 3288 538 3346 ad
556 3288 659 3363 ροῦχον
673 3290 763 3347 αὐτοῦ
781 3289 870 3361 ὥσπερ
888 3291 936 3346 uui
952 3289 986 3347 τὸ
1010 3293 1165 3365 passioneius
1188 3296 1225 3350 ita
1248 3314 1330 3365 nuper
1353 3315 1401 3351 au·
1457 3292 1461 3305 '

302 3364 367 3441 ptos.
401 3361 503 3414 Ioannis
520 3362 641 3430 ‘collegae
664 3369 768 3433 praeter
790 3364 854 3416 haec
877 3362 992 3433 effigies,
1017 3363 1083 3416 daut
1105 3371 1132 3417 et
1149 3373 1257 3435 paterna
1273 3366 1402 3419 Manuelis

301 3431 480 3496 imperatoris,
498 3430 539 3481 cui
558 3438 644 3496 astat,
669 3432 810 3485 violaceam
827 3439 925 3484 vestem
943 3439 1055 3485 ostentat
1072 3433 1098 3485 in
1114 3434 1218 3489 laudato
1236 3437 1265 3488 S.
1282 3436 1402 3504 Dionysii

301 3511 351 3547 ms.
386 3513 450 3565 argo
467 3497 592 3566 despotas
606 3498 765 3571 ναββοὶδιον
784 3496 833 3567 ὀξυ
850 3492 871 3570 ἢ
891 3494 1031 3570 douiatius
1057 3504 1181 3571 solades,
1205 3505 1324 3575 inquam,
1346 3507 1402 3559 uio·

301 3564 390 3619 Ιυοτυν
405 3573 454 3619 aut
466 3583 622 3636 mareas.

371 3650 406 3702 ils
429 3666 459 3703 v.
486 3653 527 3706 19.
549 3652 601 3707 τοῦ
621 3650 764 3716 Καίσαρος
784 3648 830 3707 ἐπὶ
851 3653 908 3709 τῶν
929 3644 1033 3723 ἕορτῶν
1055 3656 1189 3728 ζητεῖται]
1213 3676 1242 3712 re
1261 3658 1342 3712 eritur
1358 3658 1403 3713 ille

303 3716 424 3799 (laesaris
448 3719 550 3773 habitus
572 3738 588 3774 a
610 3720 698 3773 Barda
719 3720 745 3774 in
774 3723 875 3793 publico
897 3726 1051 3795 solemnique
1074 3744 1197 3795 processu
1219 3676 1259 3780 ai
1269 3728 1403 3781 ecclesiam

304 3784 348 3837 dre
364 3788 433 3841 festo
450 3797 566 3854 gestatus
584 3790 651 3860 apud
669 3790 782 3845 Leonem
799 3794 1044 3848 Grammaticorum
1062 3795 1188 3849 Michaele
1203 3797 1342 3867 Theophili
1361 3798 1401 3850 F:

304 3850 403 3921 Βάρδα
431 3854 464 3910 al
486 3860 539 3912 τοῦ
559 3849 703 3927 Καίσαρος
724 3852 756 3913 ἐν
781 3861 817 3931 τῇ
840 3858 998 3928 apostaticae
1017 3862 1195 3934 διερχομένου
1212 3860 1280 3935 μετὰ
1297 3883 1402 3933 asapa-

302 3924 421 3993 μαγγίου
436 3922 524 3992 ὀξέος.
559 3937 599 3983 est
621 3946 685 3982 vero
704 3926 911 3999 auapapoipysov
928 3933 1014 3985 tunica
1029 3934 1135 3988 Persica
1152 3952 1214 3988 auro
1232 3935 1339 4002 intexta,
1357 3951 1404 3987 ea·

302 3992 360 4045 dem
377 4011 434 4046 oum
449 3996 598 4062 suessonico,
621 3998 653 4051 de
670 4014 722 4067 quo
741 4000 847 4053 inferius
864 4006 963 4054 auctor.
998 4004 1114 4071 suggerit
1136 4010 1275 4074 propterea
1296 4002 1404 4057 Caesari

306 4063 389 4115 eidem
406 4064 555 4118 Philotheas
572 4066 680 4119 amicus:
704 4063 822 4155 αὔριονν,
848 4058 869 4119 ὦ
893 4066 1032 4139 δέσποτα,
1054 4073 1206 4143 negotiatori
1227 4068 1278 4127 adv
1301 4089 1402 4141 χρυσο-

305 4128 437 4198 περσικόυ
454 4150 505 4186 σου
521 4135 700 4202 χιτωνίσκον,
725 4135 775 4189 aul
797 4140 904 4207 οφθητι
921 4144 981 4202 τοῖς
997 4133 1109 4209 ἐχθροῖς
1125 4158 1185 4195 σου.
1219 4136 1277 4194 eiad
1296 4137 1404 4209 προσοί-

304 4218 362 4254 που
378 4218 439 4286 σου,
447 4199 606 4269 φεύξονται.
641 4205 693 4257 τοῦ
715 4201 796 4272 ἡλίου
814 4200 846 4259 di
864 4202 1060 4269 ἀνατείλαντος
1076 4209 1152 4281 ἵππῳ
1170 4204 1270 4282 ἐπιβὰς
1286 4205 1404 4278 παρεγέ-

305 4286 369 4323 νετο
386 4278 457 4336 προς
470 4267 524 4339 τὴν
540 4268 644 4342 κόρτην
655 4274 706 4327 τοῦ
718 4270 849 4345 βασιλέως
859 4272 926 4344 μετὰ
938 4278 1034 4347 στολῆς
1045 4280 1179 4350 λαμπροῖς.
1214 4296 1304 4335 vocam
1317 4276 1404 4350 κόρτη

305 4339 441 4395 tentorium
459 4340 501 4396 hic
516 4340 873 4399 iudicare'demonstrabimus
890 4346 959 4402 alibi.
