3092 4942
348 281 1035 355 Duoralesss·cr.crr.xl11.x1v.
1121 371 1125 380 ι
1194 285 1246 357 73

143 455 178 522 in
191 460 247 539 τῆς
261 452 422 538 ἓκκλησιάς
430 501 441 535 ,
466 455 518 521 καὶ
533 433 698 523 τάττουσιν
711 449 886 543 ἔμπροσθεν
901 461 958 523 coi
972 455 1133 540 βασιλίως.
1183 455 1248 526 εἶτα

143 559 177 636 ἔξ
195 555 318 642 ἑτοίμου
342 555 534 650 παιδάπουλα
550 556 622 624 inco
640 560 787 648 φέρουσιν
805 558 866 624 dud
882 565 943 626 τῶν
959 560 1044 637 ἓιιτδς
1061 558 1181 648 δάφνας
1196 565 1248 628 καλ

144 653 248 740 ciacc,
274 663 325 726 xci
340 656 567 739 ἀποπάττουσι,
593 667 776 748 πληροῦντες
789 660 953 731 τοάτοιντδ
967 665 1126 753 τρίκλινον.
1170 663 1248 755 τρά-

144 766 222 846 πεζα
236 765 270 831 δι’
280 763 359 848 μετὰ
374 762 430 848 τὴν
443 761 591 830 ἀπόλυσιν
605 765 759 849 οὐδαμῶς.

444 932 482 1002 Κ
503 954 520 1001 a
546 956 576 1026 φ
600 924 623 1001 ά
648 934 669 1001 λ
694 957 717 1002 α
741 957 755 1001 c
777 955 799 1002 o
823 957 846 1004 υ
896 923 951 1004 ιδ’.
1261 947 1285 1003 B

343 1035 377 1102 Ὀ
393 1037 502 1116 ὄρθρος
517 1044 568 1115 τῆς
587 1041 706 1116 μεγάλης
726 1046 862 1116 ιιυριυιτιῆς
876 1046 929 1102 coi
945 1042 1049 1118 πάσχα.

246 1170 285 1240 ‘O
300 1173 334 1239 di
347 1181 404 1260 τῆς
418 1172 552 1261 μεγάλης
567 1180 713 1262 κυριακῆς
726 1180 783 1242 τοῦ
796 1172 901 1259 πάσχα
915 1171 1033 1262 ὄρθρος
1046 1171 1199 1260 ψάλλιται
1213 1177 1246 1241 ἕν

146 1283 188 1364 τῇ
201 1276 287 1364 τρίτη
303 1275 325 1362 ἢ
339 1273 467 1366 τετάρτῃ
488 1285 543 1360 τῆς
558 1275 674 1364 ἡμίρας
689 1276 773 1370 ὥρη·
798 1280 909 1364 γίνεται
927 1279 961 1343 δι’
973 1277 1063 1344 οὕτω.
1113 1287 1169 1344 τοῦ
1186 1287 1247 1364 βα-

148 1381 256 1458 σιλέως
270 1380 330 1445 cino
344 1387 405 1446 τῶν
419 1381 514 1449 αὐτοῦ
527 1379 710 1470 φοριμάτοιν
725 1389 894 1469 φοροῦντος
907 1379 996 1447 ἅτινα
1008 1380 1151 1465 βούλεται
1159 1430 1169 1461 ,
1194 1385 1247 1450 καλ

107 1501 140 1556 10
149 1489 210 1550 τῶν
224 1474 379 1570 ἀρχόντων
389 1483 429 1550 τά
444 1488 538 1550 olarios
554 1481 744 1572 παράσημα,
777 1484 928 1572 ἐξέρχεται
940 1483 957 1549 ὃ
971 1493 1179 1571 πρωτοπαπᾶς
1190 1493 1245 1571 τῆς
1261 1497 1286 1554 0

142 1588 309 1670 ,ἐκκλησίας
322 1586 401 1672 μετὰ
415 1593 471 1654 τοῦ
485 1585 699 1675 άρχιδιακάνου
715 1591 765 1652 καὶ
781 1594 871 1655 τινῶν
886 1595 948 1654 τῶν
961 1589 1171 1674 άνοηνωστιδν,
1197 1592 1251 1654 nol

149 1691 257 1756 δίδωσι
270 1688 420 1774 λαμπάδα
433 1697 477 1780 τῷ
490 1697 620 1772 βασιλεῖ.
670 1695 720 1757 καὶ
735 1691 763 1756 oi
777 1687 925 1778 άπηρίται
938 1689 1091 1779 ἄρχοντες,
1117 1683 1159 1758 ὧν
1173 1698 1251 1758 τισλ-
1300 1719 1305 1728 ’

150 1791 237 1870 λάκις
251 1792 458 1879 ἐμνήσθημεν,
483 1791 604 1860 διδόασι
627 1799 703 1859 πάσι
725 1803 789 1872 τοῖς
807 1793 963 1881 ἄρχουσιν,
994 1792 1036 1872 ὥς
1058 1797 1110 1859 καὶ
1130 1797 1162 1860 ἓν
1183 1804 1252 1872 ταῖς

150 1895 541 1984 προρρηθεῖσαιςὲορταΐς,
566 1895 687 1983 κηρυάς.
738 1904 800 1962 τῶν
821 1889 876 1962 οὖν
895 1904 952 1981 τῆς
970 1899 1129 1981 ἐκκλησίας
1143 1903 1252 1987 θυρῶν

111 2015 143 2070 1⁵
151 2001 365 2084 κεκλεισμένων
379 2001 488 2079 οὐσῶν,
512 2005 615 2090 θυμιᾷ
629 1997 646 2065 δ
659 2007 867 2086 πρωτοπαττάς
873 2047 884 2080 ,
910 1997 974 2066 εἶτα
987 2001 1119 2088 inpono
1131 2006 1252 2088 πρῶτον

146 2101 248 2181 “iiia
269 2112 308 2192 τῇ
331 2101 401 2196 ἆγίρι
420 2105 473 2170 acl
493 2099 646 2192 δμοουσίῳ
662 2105 714 2168 καὶ
735 2099 872 2193 ζωοποιρλ
891 2105 941 2168 nul
961 2102 1125 2192 άδιιιιρίτῳ
1140 2100 1253 2191 τριάδι,

151 2204 297 2286 πάντοτε,
323 2214 377 2273 νῦν
390 2209 440 2272 καὶ
456 2207 503 2272 dei
515 2209 566 2272 καὶ
580 2209 623 2282 τίς
635 2205 708 2282 τοδς
723 2209 836 2284 αἰῶνας
849 2213 910 2272 τῶν
925 2205 1076 2272 aldrov?
1130 2208 1254 2272 καὶτῶν

151 2315 282 2396 ψαλτῶν
296 2310 331 2376 τδ
347 2310 429 2394 άμὴν
443 2307 632 2389 incendiator,
658 2311 789 2397 ἐκφανεῖ
801 2301 891 2386 οὗτος
905 2308 941 2375 sd
957 2306 1164 2392 άναστάσιμσν
1177 2335 1251 2397 τρο·
1266 2318 1293 2373 1)

153 2412 276 2500 πάριον,
306 2413 493 2502 τδΧριστδς
517 2413 625 2496 ἀνέστη
647 2414 680 2478 ἐκ
702 2419 825 2500 νεκρῶν,
850 2415 883 2478 ἐκ
899 2413 1013 2500 τρίτου.
1064 2411 1165 2479 inrisu
1181 2416 1252 2478 δια-

15 2529 16 2532 ’
113 2513 313 2600 ἰδδιξάμενοι
330 2523 420 2582 τοῦτο
436 2516 467 2582 oi
483 2512 602 2600 ψάλται
616 2511 800 2600 ψάλλουσιν,
824 2516 931 2600 μέχρις
952 2513 991 2582 iio
1009 2511 1026 2580 δ
1045 2523 1252 2602 προιτοπαπιλς

99 2691 102 2697 ,
155 2645 227 2697 τους
240 2619 438 2705 τεταγμένους
453 2621 574 2705 στίχους
586 2618 693 2706 τελέσῃ
698 2667 709 2698 ,
723 2617 803 2704 isos
824 2619 865 2686 τδ
883 2615 1044 2703 ἀναστάντα
1068 2617 1180 2698 idcir
1200 2622 1251 2684 nui
1321 2666 1325 2673 -

227 2743 434 2802 Βπάττουοιλ
536 2743 555 2799 4
571 2741 701 2813 οάδαμοά
715 2745 741 2800 Δ
840 2747 861 2801 6
875 2744 979 2800 titulum
994 2763 1035 2800 om
1052 2744 1076 2801 l
1166 2749 1200 2802 18
1215 2745 1250 2802 τδ

224 2811 413 2884 άναστάσιμον
428 2809 582 2883 τροπάρισυ
599 2833 640 2868 om
657 2815 679 2867 B

156 2921 272 2978 efferunt
288 2937 321 2974 er
338 2905 450 2972 ecclesia
464 2917 567 2987 lauros,
591 2933 690 2988 easque
713 2921 776 2972 anta
795 2918 981 2987 imperatorem
1004 2924 1141 2988 spargunt.
1176 2920 1255 2988 pueri

157 3007 262 3063 qnoque
284 2989 419 3072 honorarii
446 3005 479 3040 ex
502 2987 646 3070 composito
671 2985 759 3041 lauros
777 2990 810 3043 ab
826 2987 880 3040 illis
897 2988 944 3056 qni
960 2993 1036 3069 extra
1051 2987 1254 3071 suntadfarunt

156 3055 474 3186 ρηιρραεηξρρίιῶρδιοροο
497 3056 639 3112 trichnium
660 3057 774 3126 replent.
810 3055 931 3111 absoluto
952 3055 1043 3110 dusino
1060 3057 1148 3112 offiano
1165 3075 1255 3114 mensa

571 3262 743 3348 Caput
792 3263 843 3330 14.

434 3364 524 3419 Horae
544 3381 661 3434 magnae
682 3364 827 3419 dominicae
843 3365 985 3436 parnatic

228 3468 386 3523 Matutinum
408 3485 518 3536 magnae
541 3466 686 3521 dominicae
704 3467 837 3538 paschatis
856 3469 1010 3523 decantatur
1027 3468 1092 3523 hora
1108 3470 1163 3524 diei
1180 3471 1260 3526 tertia

160 3539 203 3594 vel
220 3549 332 3608 quarta,
359 3539 428 3591 hune
451 3537 480 3590 iu
502 3538 615 3590 modum.
649 3537 807 3607 imperatore
825 3540 880 3591 suis
898 3557 932 3592 ex
951 3540 1139 3607 gestamiuibus
1156 3543 1260 3597 ferente

160 3627 227 3680 quae
245 3608 326 3676 magis
344 3605 490 3674 arriserint,
508 3613 535 3660 et
553 3607 705 3676 proceribus
722 3606 813 3660 itidem
831 3608 940 3678 propria
953 3608 1069 3677 insignia
1085 3611 1260 3678 gestantibus,

161 3678 296 3747 egreditur
312 3684 461 3760 protopapa
478 3693 511 3728 ex
528 3673 638 3728 ecclesia
655 3693 711 3728 cum
726 3676 911 3730 archidiacono
925 3685 952 3730 et
964 3677 1094 3732 nonnullis
1108 3678 1260 3747 lectoribus,

160 3747 294 3816 traditque
316 3745 470 3817 imperatori
494 3744 645 3826 lampadem.
682 3755 710 3796 et
728 3746 875 3799 administri
891 3763 1028 3816 proceres,
1051 3763 1160 3815 quorum
1178 3765 1260 3832 saepe

161 3816 337 3883 neminimus,
361 3814 500 3884 porrigunt
522 3813 678 3882 proceribus
701 3831 808 3884 cereos,
835 3823 865 3868 ut
882 3823 910 3868 et
926 3815 953 3868 in
970 3832 1000 3867 su
1020 3832 1052 3868 ra
1074 3816 1154 3870 dictis
1171 3818 1259 3871 iestis.

163 3885 290 3938 ecclesiae
306 3885 388 3953 igitur
403 3883 506 3936 foribus
523 3882 628 3950 clausis,
648 3890 690 3937 tus
708 3884 796 3938 adolet
813 3893 975 3955 protopapa,
1013 3884 1090 3939 einde
1107 3885 1175 3940 elata
1193 3903 1259 3939 voce

164 3955 235 4008 canit
256 3954 320 4008 illud
341 3948 444 4022 “gloria
467 3960 575 4004 sanctae
598 3959 625 4004 et
650 3952 867 4006 consubstantiali
890 3961 919 4008 et
940 3953 1064 4008 vivificae
1081 3962 1110 4007 et
1127 3955 1259 4010 indivisae

162 4023 284 4089 trinitati,
301 4023 514 4090 omnitempore,
531 4037 601 4074 uunc
618 4027 645 4074 et
661 4039 773 4090 semper,
793 4030 821 4076 et
836 4021 865 4074 in
882 4023 989 4076 saecule
1004 4019 1198 4078 saeculorum.”
1231 4031 1259 4078 et

163 4093 314 4146 cantoribus
335 4090 536 4144 subiicientibus
561 4107 650 4158 amen,
675 4091 792 4145 concinit
816 4091 869 4146 iste
891 4092 1258 4164 ruunscnonistroprfiun

161 4155 302 4215 “Christue
319 4160 435 4214 surrexit
452 4177 467 4211 a
484 4159 592 4212 mortuis
599 4153 624 4228 ,³⁵
640 4159 721 4228 idque
742 4161 859 4215 tertium.
893 4170 988 4244 postea
1009 4162 1171 4232 excipientes
1194 4180 1258 4215 cau·

161 4237 233 4284 tores
250 4229 487 4297 decantantium,
511 4230 597 4282 donec
620 4235 697 4297 proto
734 4247 770 4299 pa
784 4240 964 4300 praescriptos
980 4247 1073 4286 venus
1088 4231 1260 4312 percurrerit,

160 4299 233 4354 illum
249 4299 354 4354 scilicet
366 4293 509 4368 “exsurgat
525 4291 609 4352 dsus''
631 4304 660 4353 et
673 4316 705 4354 ra
716 4297 801 4370 'quos⁸
836 4300 979 4370 posthaec
994 4298 1180 4358 archidracoro
1196 4308 1260 4371 press
