3092 4942
452 349 499 416 IN
524 347 672 416 comm
692 347 786 460 CAP.⁸
799 351 879 418 XV.
1146 349 1220 422 ³43

115 510 189 570 sceui
208 515 237 569 et
259 507 391 570 Andreae
410 508 562 569 Cretensis
592 516 743 572 mortuam
761 528 831 590 ergo
849 509 948 571 volunt
965 510 1004 576 15
1019 513 1065 573 die
1077 511 1215 616 Augusti3

115 597 281 671 adduntque
297 597 396 654 eodem
417 597 461 654 die
482 596 664 656 resurrexisse
684 602 714 654 et
729 597 822 656 animo
842 597 924 656 mmai
945 605 975 656 et
984 619 1138 678 corporem
1150 621 1214 660 cac-

114 681 172 738 lum
189 685 364 761 assumptam
384 699 453 740 esse.
496 699 592 786 qpare
603 686 670 761 post
687 683 878 790 supradictum
889 684 1088 744 dedomitrooe
1100 687 1214 750 titulum

114 766 290 843 subiuugrmt
316 763 451 827 Meuaea:
483 769 527 850 roi
555 761 636 848 stirpi
662 769 736 846 μηνὶ
764 759 1052 875 memsnocdspdrp‘
1028 793 1049 847 η
1067 771 1215 875 ospaoploe

115 847 362 930 perdormiscin
391 827 604 932 impenditur
615 850 817 931 deonoirryr‘
794 856 883 930 ημῶν
906 847 1051 915 traciaco
1071 851 1171 916 aul'
1150 877 1216 916 osc<

113 934 217 1018 magii
217 957 274 998 νου
293 935 426 1016 Μαρίας.
468 936 567 994 eodem
589 955 657 1012 ergo
679 938 725 994 die
745 944 776 995 et
793 936 863 996 obiit
882 942 912 995 et
929 940 967 996 ad
975 938 1077 1015 caelos,
1097 940 1215 1000 reducta

114 1021 144 1077 iu
172 1039 275 1099 corpus
298 1020 409 1097 anima,
441 1021 509 1080 abiit
538 1021 712 1082 sanctissima
736 1022 860 1100 deipara
903 1023 980 1098 quod
1005 1023 1090 1081 etiam
1108 1022 1215 1086 Latina

42 1149 47 1166 .
114 1104 231 1163 ccclesia
250 1105 354 1164 sentire
374 1106 501 1183 videtur,
521 1125 593 1182 quae
607 1107 653 1164 die
675 1107 714 1172 15
731 1105 853 1184 Augusti
875 1113 1073 1186 sumptam
1086 1107 1113 1165 b.
1127 1109 1214 1184 virgi-

114 1191 158 1250 n's
174 1190 291 1247 solemni
313 1192 491 1250 caeremonia-
505 1191 642 1269 celebrat,
668 1193 780 1250 tametsi
800 1192 837 1250 de
856 1191 1022 1270 domitiano,
1049 1197 1144 1250 utrum
1163 1213 1215 1251 eo-

115 1276 181 1334 dem
201 1275 247 1333 die
267 1293 304 1332 au
324 1274 418 1350 aliquo
439 1277 623 1354 praecedente
643 1277 789 1354 acciderit,
809 1276 878 1334 nihil
894 1278 990 1336 tradit.
1030 1275 1127 1335 Latini
1150 1279 1215 1354 qui*

116 1361 182 1418 (ιιιιιι
199 1359 398 1436 martyrologi,
421 1364 455 1418 ut
484 1359 548 1419 Ado
569 1367 599 1420 et
615 1361 780 1439 Usuardus,
805 1363 999 1432 dormitionem,
1028 1381 1087 1420 uon
1106 1383 1215 1441 orcam-

113 1449 227 1521 ptionon
248 1445 415 1521 indigitant3
441 1445 519 1502 cuius
547 1465 632 1506 causa
660 1448 759 1506 acriter
782 1447 812 1506 in
836 1447 898 1511 illos
928 1447 1049 1523 insurgit
1074 1447 1215 1505 Batonius

116 1547 190 1586 auno
211 1529 397 1608 redemptoris
422 1527 483 1607 48,
520 1546 624 1608 eosque
654 1539 790 1608 provocat
812 1534 851 1590 ad
872 1533 1066 1608 antiquissima
1091 1530 1214 1591 Romani

116 1613 307 1690 martyrologii
322 1614 460 1691 vestigia,
484 1614 533 1674 ubi
547 1633 604 1674 non
626 1616 748 1675 durantio
767 1617 819 1674 sed
838 1621 982 1694 compro
1002 1615 1122 1693 legatur.
1163 1635 1214 1675 ve-

116 1699 190 1758 niam
212 1699 262 1756 det
281 1717 399 1774 magnus
420 1699 570 1758 Annalium
590 1701 735 1778 conditor,
764 1701 789 1760 si
810 1702 879 1775 quid
898 1702 993 1760 dixero
1009 1722 1062 1778 pro
1082 1703 1214 1782 supradi-

116 1785 168 1841 ctis
185 1783 389 1860 martyrologis.
431 1783 589 1850 Romanum
607 1785 837 1862 martyrologium
858 1785 980 1845 omnium
999 1787 1115 1845 aliorum
1131 1793 1214 1845 vetu-

117 1868 286 1946 stissimum,
314 1887 399 1947 saepe
419 1889 437 1928 a
462 1870 583 1928 Baronio
608 1871 797 1929 desideratum
826 1872 879 1928 sed
902 1870 1032 1948 nuspiam
1057 1872 1215 1949 repertum,

117 1973 207 2032 nuper
228 1954 340 2013 dentum
359 1956 453 2014 studio
473 1955 615 2016 Heriberti
635 1954 786 2031 Rosweydi
799 1955 889 2014 nostri
901 1955 1072 2032 publicatum
1083 1960 1113 2012 et
1122 1954 1216 2013 Paulo

117 2037 142 2095 V
164 2038 290 2117 pontifici
309 2041 620 2119 marimaiuscriptum,
640 2041 710 2118 hoc,-
724 2041 848 2116 inquam,
866 2039 1094 2116 martyrologium
1110 2040 1149 2104 15
1166 2041 1215 2097 die

118 2121 240 2198 Augusti
260 2124 333 2182 banc
356 2125 565 2202 nscriptionen
578 2128 718 2203 praefert,
748 2126 779 2183 S
796 2124 902 2182 Mariae
922 2124 1051 2186 dormitio.
1094 2124 1119 2180 si
1142 2142 1214 2202 ergo

118 2207 300 2284 martyrologi
323 2209 361 2265 illi
388 2211 557 2286 primaevum
585 2211 638 2270 hoc
665 2209 810 2268 Romanae
835 2207 965 2267 ecclesiae
984 2208 1214 2284 martyrologium

117 2293 207 2352 secuti
227 2297 310 2367 sunt,
333 2293 401 2368 quid
421 2295 591 2372 peccarunt?
633 2315 686 2354 nec
702 2296 815 2371 mirum,
834 2296 900 2371 quia
919 2294 1014 2352 forsan
1034 2293 1087 2350 illis
1106 2313 1213 2352 aemm-

115 2381 173 2454 ptio
192 2377 323 2455 deiparae
341 2397 406 2437 cum
424 2398 541 2457 corpore
561 2385 591 2438 et
614 2383 705 2440 anima
721 2386 780 2440 tam
798 2379 905 2456 liquida
925 2398 982 2436 uon
995 2379 1050 2436 fuit
1062 2396 1146 2453 quam
1159 2398 1213 2437 no·

119 2463 160 2520 bis
179 2467 225 2520 est
242 2463 343 2539 hodie,
370 2463 436 2538 quia
455 2466 558 2524 veritas
579 2467 713 2543 paulatim
735 2467 825 2542 magis
843 2470 929 2538 atque
946 2465 1036 2540 magis
1057 2465 1161 2523 eruitur
1182 2469 1215 2522 et

118 2545 287 2624 elucidatur,
305 2549 346 2605 ita
365 2555 397 2608 ut
418 2551 496 2623 quod
512 2547 648 2626 prioribus
665 2551 783 2611 saeculis
799 2549 1034 2609 obscuriusculum
1047 2549 1230 2624 habebatur,

119 2631 148 2688 id
168 2634 290 2711 posteris
313 2635 484 2712 temporibus
503 2635 578 2694 clara
596 2636 626 2694 iu
647 2636 708 2695 luce
726 2640 886 2712 reponatur.
929 2629 1037 2692 ac‘cedit
1056 2635 1134 2707 quod
1153 2630 1216 2689 lta-

119 2716 208 2778 banus
229 2722 259 2775 et
279 2717 422 2780 Notkerus
443 2720 472 2778 iu
492 2721 549 2784 suis
570 2720 774 2796 martyrologiis
791 2718 979 2796 appellatione
999 2717 1082 2774 hodie
1101 2715 1214 2774 Latinis

120 2809 254 2862 consueta
275 2809 408 2866 utantur:
436 2806 512 2882 apud
533 2810 683 2878 utrumque
703 2805 777 2868 enirn
798 2805 874 2880 leges
893 2805 1037 2879 assumptio
1054 2802 1078 2858 l.
1102 2799 1215 2858 Marma

120 2891 257 2962 genitricis
277 2888 335 2960 dei,
355 2894 388 2946 ut
405 2893 435 2945 et
455 2889 531 2965 apud
552 2889 665 2948 bedam
708 2907 812 2963 quare,
841 2894 873 2944 ut
892 2888 924 2948 iu
942 2887 1070 2944 semitam
1090 2890 1215 2942 reverta-

120 2989 197 3048 mur,
221 2931 410 3034 beatissimam
429 2969 564 3048 virginem
583 2975 682 3036 eodem
700 2974 745 3034 die
761 2977 901 3032 mortuam
920 2970 1060 3047 sepultam
1069 2974 1126 3026 eta
1138 2988 1216 3027 mor-

121 3057 175 3113 tuis
191 3059 340 3118 excitatam
356 3076 419 3116 cum
440 3057 610 3120 Graecorum
630 3057 754 3116 Menaeis
772 3056 919 3131 credimus,
938 3054 1003 3114 licet
1022 3053 1215 3113 Damasceuus

120 3142 360 3204 resuscitationem
386 3143 470 3200 tertio
498 3142 609 3200 demum
636 3145 672 3200 ab
696 3142 776 3204 obitu
796 3142 842 3200 die
861 3140 991 3200 statuat
983 3159 1014 3197 ur
1034 3139 1160 3198 oratione
1177 3139 1216 3196 de

120 3229 309 3305 assumptione
338 3227 365 3285 b.
388 3225 502 3285 Mariae
543 3229 655 3287 tametsi
684 3226 853 3305 probabilius
878 3226 926 3284 isti
952 3244 1037 3300 quam
1065 3224 1112 3282 alii
1136 3224 1216 3301 apud

121 3308 240 3389 Bedam,
268 3313 316 3387 qui
336 3313 555 3405 assumptionem
575 3313 705 3392 deiparae
726 3314 763 3371 ad
784 3314 805 3376 9
826 3311 954 3369 calendas
977 3308 1133 3383 Octobres,
1160 3308 1217 3366 hoc

122 3400 165 3452 est
180 3399 217 3454 ad
238 3397 280 3461 24
296 3379 369 3456 diem
389 3398 577 3496 SeptembriS,
597 3399 738 3475 referunt,
757 3396 798 3454 ita
817 3402 850 3454 ιιι
869 3396 942 3452 iuter
962 3399 1082 3453 mortem
1099 3393 1158 3450 eius
1175 3391 1225 3452 15.

123 3477 252 3558 Augusti,
274 3499 346 3555 quae
360 3483 414 3540 fuit
435 3484 525 3561 prima
544 3483 716 3561 assumptio,
736 3499 837 3558 nempe
857 3480 1009 3542 secundum
1022 3478 1152 3552 animam,
1171 3475 1218 3533 in

123 3566 298 3626 tercesseriut
313 3567 502 3643 quadraginta
518 3567 580 3625 dies
597 3585 687 3642 usque
708 3569 776 3624 dum
795 3566 888 3626 anima
907 3584 971 3622 cum
985 3582 1102 3641 corpore
1116 3578 1216 3618 rursus

124 3649 314 3725 conglutinata
332 3653 482 3710 resurrexit
502 3653 649 3727 caelosque
670 3652 779 3731 petivit
819 3669 915 3708 verum
931 3650 1001 3707 haec
1023 3648 1099 3707 omni
1118 3645 1217 3704 verisi-

124 3732 275 3796 militudine
294 3742 400 3813 carent,
421 3743 450 3797 et
467 3738 649 3796 adversantur
670 3742 729 3795 tam
747 3735 867 3794 Latinae
887 3753 972 3808 quam
988 3732 1112 3791 Graecae
1127 3729 1216 3788 eccle⁴

124 3817 195 3875 siae·
188 3825 347 3897 ‚recteque
367 3826 450 3878 notat
469 3800 632 3880 baronius
624 3841 654 3878 ιιι
669 3820 868 3900 martyrologio
887 3817 1017 3876 Romano
1030 3819 1068 3874 ad
1083 3818 1157 3875 diem
1173 3811 1216 3878 15

125 3863 244 3980 Auglrsti
262 3905 332 3963 illud
353 3906 390 3962 de
405 3908 528 3964 secunda
542 3904 731 3984 assumptione
753 3923 816 3962 esse
832 3904 1029 3961 assumendum
1046 3921 1104 3959 uon
1124 3920 1143 3960 a
1159 3900 1217 3957 Be·

128 3985 178 4084 da,
205 3992 256 4048 sed
274 4009 292 4048 a
307 3990 380 4048 mala
396 3991 526 4088 quapiam
545 4010 636 4049 mauu.
678 4009 730 4047 uec
750 3989 923 4048 consuetudo
944 3987 1147 4069 Germaporum
1164 3985 1216 4042 tri-

127 4071 253 4134 cesimum
272 4081 433 4153 assumptae
448 4075 566 4172 yirginis
587 4074 783 4133 celebrantium
803 4072 957 4148 quidquam
970 4071 1044 4130 hanc
1057 4069 1216 4150 persuasio-

128 4171 189 4212 nem
214 4159 303 4218 iuvat:
330 4179 388 4218 uon
412 4161 486 4218 enim
505 4162 535 4217 id
557 4161 664 4220 faciunt
685 4159 765 4235 quasi
785 4158 924 4216 tricesimo
944 4158 1057 4216 demum
1075 4156 1122 4212 die
1140 4151 1215 4209 redi-

127 4237 188 4298 viva
206 4243 235 4300 in
255 4244 344 4303 caelos
361 4245 484 4304 exaltata
501 4246 600 4323 fuerit,
628 4245 678 4303 sed
697 4244 765 4302 totis
785 4237 838 4301 illis
853 4244 970 4322 triginta
990 4241 1087 4299 diebus
1108 4255 1217 4296 assum-

129 4321 214 4397 l‘fi0
206 4345 236 4386 ¹11
255 4328 361 4391 caelum
381 4330 477 4390 statim
497 4350 514 4390 a
534 4335 624 4390 morte
642 4331 719 4390 facto
728 4331 901 4388 decantatur
944 4327 1044 4386 Graeci
1058 4325 1214 4400 nouagunt
