3092 4942
472 387 520 455 IN
546 383 695 456 conum
722 387 808 458 GAP.
834 387 895 460 Vl.
1159 389 1236 462 291

203 551 229 604 Δ
243 549 384 606 lmtioiano
401 553 533 621 acceptam
557 545 719 617 καλύπτραν
746 547 804 602 eim
828 548 978 605 nomianata
1001 550 1158 623 etantiqua
1182 559 1239 608 ata·

135 622 237 674 tuarum
259 627 437 687 monumenta,
458 621 481 674 al
502 637 569 690 quas
590 619 730 690 supersint,
749 619 853 690 scriptia
868 619 961 672 clarina
977 619 1128 674 edocebunt.

219 709 284 772 ibid.
298 728 351 787 pro
367 705 530 787 ὑπέρτερον
554 707 673 767 libenter
694 704 817 784 legerem
837 703 1030 792 δττίρπυρρν,
1065 714 1100 767 ut
1128 708 1167 768 sit
1188 729 1240 788 ge-
1319 682 1322 687 ¹

135 798 247 853 stamen
263 794 362 871 ospitis
380 793 469 852 instar
481 795 554 870 ignis
567 796 722 852 flammans.

205 886 365 956 καλύπτρας
394 887 470 942 huius
504 905 595 941 nomon
619 887 734 941 innuisse
763 890 792 940 et
818 885 928 956 Qunam
960 892 1168 958 repraesentasse
1198 891 1241 944 vi.

137 957 215 1012 detur
239 958 371 1012 Cedrsnus
394 956 420 1009 in
443 956 554 1010 Basilio:
577 951 706 1026 στεφάνῳ
735 955 828 1026 χρυσῷ
851 951 941 1023 λόφον
962 950 1124 1024 ἐφύπερθεν
1149 955 1241 1028 ἔχωντι

136 1022 337 1098 ἐθριάμβευσεν
354 1019 585 1094 ἐστεφανωμένος.
606 1020 769 1090 δπέρπνρον
791 1023 926 1093 legendnm
948 1026 1065 1094 suggerit
1089 1026 1241 1082 Gretoerua.

137 1113 190 1151 uon
206 1097 312 1179 ignara,
329 1112 369 1148 me
386 1095 576 1180 herculalegit
592 1094 657 1176 enim
673 1092 739 1146 idem
751 1093 874 1176 §omuino
885 1093 945 1146 dnm
955 1095 1087 1176 remribitr
1104 1089 1239 1178 adinip-

137 1183 231 1286 tlt:
247 1169 419 1286 tillut
434 1161 970 1316 numerumnunerum
983 1165 1209 1302 ‘llic-lili?
1209 1182 1242 1287 l}

139 1302 369 1436 tutilant
382 1298 747 1437 hlffllilldidblli
765 1299 1242 1424 ltflltllllllhlllllltt

140 1390 231 1494 aoliurhl
253 1439 425 1509 promotione,
449 1433 530 1491 ἄλλοι
554 1433 586 1490 δὲ
610 1432 663 1506 τήν
684 1407 850 1505 καπνηρσίν,
874 1435 975 1506 inquit,
997 1435 1046 1490 καί
1065 1439 1242 1508 πυραμοειδῆ

141 1503 224 1575 ίρὲαν
240 1509 291 1576 τῆς
306 1506 428 1574 κεφαλῆς
449 1502 615 1576 ἀφελόμενοι
636 1499 746 1576 πυρσήυ
768 1500 847 1580 αὐτῷ
867 1503 1049 1576 nocituro,
1067 1506 1117 1562 καί
1137 1502 1243 1577 στολήν

141 1574 287 1648 βασιλικήν
300 1569 435 1632 ίνίδυσαν
451 1572 550 1643 ἕτεροι.

227 1663 436 1722 Gestaminibus
456 1682 528 1739 quae
547 1663 699 1742 imperator
716 1664 773 1722 sert
791 1663 823 1722 in
843 1665 952 1744 capite,
973 1665 1048 1724 adde
1064 1665 1149 1724 etiam
1170 1665 1242 1725 illud

142 1750 221 1826 quod
241 1749 381 1826 Georgius
402 1747 581 1826 Acropolita,
603 1767 722 1826 magnus
741 1749 904 1826 logotheta,
923 1750 953 1807 in
968 1769 1020 1809 sno
1036 1751 1176 1808 Chronico
1189 1771 1244 1829 ap-

141 1835 230 1914 pellat
247 1835 428 1914 pyramidem,
449 1834 496 1892 ubi
521 1834 558 1892 de
579 1832 677 1892 Ιεαειεο
697 1834 866 1910 imperatore
880 1833 1039 1912 aBulgaris
1056 1836 1166 1894 devicto
1180 1837 1242 1912 agit

142 1939 171 1999 p.
186 1924 228 1982 22
248 1923 268 1982 3
290 1918 382 1978 Bonn.
424 1925 450 1978 et
475 1920 523 1977 lroc
542 1925 667 1996 tempore,
687 1918 796 1995 inquit,
816 1919 940 1996 Bulgori
957 1924 1041 1978 tortia
1060 1921 1242 1980 Romanorum

142 2005 236 2084 spoliis
248 2008 388 2083 deponitis
406 2005 542 2083 mpcrbiua
565 2004 767 2081 insolentiusque
781 2023 809 2061 ιτ
827 2005 967 2080 gerebant:
987 2003 1039 2065 καί
1059 2000 1117 2085 pdp
1135 2003 1187 2065 rol
1208 2003 1244 2066 ἐκ

141 2094 203 2152 τῶν
225 2091 388 2170 βασιλικῶν
407 2082 596 2194 παρασήμων
614 2084 652 2149 rol
671 2081 868 2170 καιριώτερα·
889 2082 944 2161 τοὶς
963 2109 994 2150 τε
1016 2085 1072 2168 γοῖρ
1086 2092 1142 2149 τοῦ
1156 2091 1244 2169 βασι-

142 2173 218 2246 λέως
241 2169 296 2248 cde
319 2175 492 2254 πυραμίδας
518 2165 712 2252 ανελιίβσντσ.
755 2172 794 2231 ad
818 2190 891 2248 quae
911 2173 1050 2254 interpres
1071 2173 1243 2232 Theodorus

143 2257 258 2319 Donsa:
277 2260 410 2338 πυραμίς
424 2264 483 2318 erut
502 2260 591 2336 pileus
613 2260 799 2334 acuminatur,
815 2261 904 2317 iactor
925 2260 1094 2337 pyramidis,
1118 2259 1244 2317 Orienta-
1321 2304 1324 2309 .

144 2345 211 2404 tium
220 2346 370 2422 principum
384 2349 526 2420 gestamen.
569 2345 646 2402 cuius
663 2347 757 2421 posteo
774 2346 872 2402 iterum
883 2349 978 2402 auctor
990 2347 1120 2403 meminit:
1138 2341 1191 2406 καί
1203 2339 1242 2404 rol

144 2425 200 2511 plu
215 2423 331 2508 ίρνθρδ
346 2427 451 2491 πέδιλα
464 2421 662 2508 ἐπεβάλλετο,
683 2426 735 2490 καί
754 2423 812 2507 τήν
835 2422 1061 2510 περιμάργαρον
1077 2428 1244 2508 πυραμίδα,

145 2513 190 2587 είς
217 2508 258 2591 ἣν
284 2511 335 2574 καλ
357 2516 445 2587 λίθος
469 2506 681 2592 despaleneo
702 2510 856 2588 κόκκινος,
890 2509 911 2573 δ
935 2509 1075 2592 βασιλικοί
1095 2511 1242 2592 σύμβολα.

145 2599 361 2658 Cantacuzenns
387 2603 402 2660 1
425 2597 445 2662 6
466 2597 569 2677 pileum
583 2597 658 2656 hunc
672 2616 722 2655 sen
737 2599 837 2656 tiaram
850 2597 887 2656 ab
899 2599 1005 2657 inserto
1021 2601 1124 2656 unione
1137 2617 1188 2656 seu
1201 2598 1243 2655 la-

144 2685 211 2763 pide
223 2684 348 2760 pretioso
361 2684 561 2760 synecdochice
575 2685 702 2742 nominat
715 2679 769 2744 rdv
783 2682 833 2744 tel
845 2686 900 2761 τής
913 2687 1048 2760 κεφαλῆς
1068 2685 1170 2745 λίθον.
1211 2688 1244 2741 εί

145 2769 167 2833 4
188 2769 229 2830 87
249 2768 318 2827 haec
336 2770 434 2826 eadem
451 2769 523 2827 tiara
536 2773 581 2826 est
599 2769 799 2825 Cantacuzeno
812 2766 892 2849 step
905 2765 1129 2845 κεκοσμημένος
1140 2770 1240 2839 πῖλος.

145 2858 192 2912 est
204 2853 361 2929 symbolum
376 2853 560 2930 imperii15.
603 2853 733 2928 quocirca
753 2852 894 2910 diversum
913 2853 1003 2910 forma
1016 2853 1103 2911 fuisse
1117 2852 1244 2930 oportuit

144 2937 223 2996 illum
238 2955 321 3013 quern
343 2938 478 3014 fugitivus
499 2935 676 2996 Andronicus
696 2937 858 2995 Comnenns
879 2937 1032 3014 imperator
1050 2937 1159 3014 induit,
1178 2936 1244 2994 licet

146 3023 299 3102 pyramidis
325 3039 437 3098 quoqne
460 3022 581 3100 speciem
600 3040 668 3100 prae
688 3040 720 3081 se
739 3023 841 3080 ferret:
863 3015 957 3082 ’πῖλον
978 3017 1035 3102 γδρ
1057 3017 1245 3104 βαρβαρικὸν

146 3110 186 3192 πή
202 3112 322 3194 κεφαλῇ
335 3105 547 3188 περιθέμενος,
570 3101 605 3181 tc
619 3107 662 3180 είς
676 3100 732 3182 δξδ
745 3102 849 3188 λήγων
862 3106 1008 3184 πυραμίδι
1022 3105 1167 3176 εἴκασται,
1186 3101 1245 3186 τήν

147 3188 307 3273 βασιλικήν
329 3192 450 3255 εἴσεισιν
472 3183 567 3265 αὖθις
584 3186 708 3272 τριήρη,
729 3197 762 3250 nt
781 3191 821 3250 ait
834 3189 949 3250 Nicetas
963 3189 981 3249 l.
995 3195 1018 3254 2
1031 3193 1069 3250 de
1081 3188 1245 3250 Andronico

148 3278 302 3336 Comneno.
345 3278 452 3356 grande
467 3283 561 3336 tamen
574 3277 686 3335 aliunde
701 3277 774 3336 inter
793 3277 869 3336 hunc
892 3275 1066 3334 barbaricum
1085 3278 1245 3354 pyramida-

146 3361 204 3420 lem
216 3361 318 3438 pileum
332 3370 362 3421 et
377 3363 454 3422 illum
467 3362 585 3422 alterurn
598 3363 807 3441 imperatorium
820 3361 1009 3420 intercessisse
1028 3367 1159 3439 oportet,
1181 3381 1245 3421 uun

147 3445 325 3506 Andronicus
341 3449 415 3506 hunc
429 3448 618 3524 barbaricum,
634 3465 670 3506 ne
685 3453 884 3525 agnosceretur
896 3447 1065 3526 imperator,
1085 3465 1266 3524 assumpse-‚

148 3532 202 3604 rit;
228 3533 300 3592 siout
319 3538 349 3591 et
367 3534 502 3592 turbinati
525 3533 564 3592 illi
585 3531 650 3612 pilei
674 3537 773 3611 σχῆμα
792 3534 961 3611 πυραμίδος
985 3531 1114 3610 ἔχοντες,
1143 3532 1246 3608 quibus

148 3636 278 3696 proceres
302 3617 332 3674 in
351 3618 414 3676 aula
431 3619 583 3696 Cpolitana
603 3617 772 3696 utebantur,
792 3618 892 3694 ntique
904 3617 940 3675 ab
953 3617 1130 3694 imperatoris
1145 3613 1247 3679 untd-

149 3725 256 3780 πτραις
269 3721 319 3760 seu
329 3705 498 3780 tegumentis
518 3705 548 3761 in
567 3704 740 3780 pyramidem
763 3703 913 3782 fastigiatis
934 3701 1139 3781 discrepabant
1180 3703 1248 3760 vide

149 3786 308 3864 Gregoram
322 3789 359 3845 ad
373 3788 474 3846 calcem
488 3788 629 3847 historiae.

236 3872 336 3930 Graeci
345 3913 355 3948 ,
375 3879 489 3951 recepta
511 3891 528 3932 a
546 3866 655 3931 Latinis
676 3872 778 3951 Cpoli,
791 3872 869 3941 ‚inter
881 3870 1011 3929 Balduini
1024 3869 1054 3928 Π
1071 3869 1247 3948 imperatoris
1282 3903 1291 3920 ι

148 3955 277 4032 symbola
290 3963 454 4036 repererunt
474 3957 629 4036 calyptram
649 3959 739 4016 forma
761 3955 872 4016 Latinis
895 3957 1000 4015 usitata
1022 3961 1199 4014 constantem
1216 3960 1248 4013 et

149 4041 299 4100 unionibus
315 4044 491 4121 distinctam,
510 4063 573 4102 cum
586 4043 680 4120 lapillo
693 4042 770 4101 rubri
784 4042 884 4099 coloris
905 4043 936 4099 in
955 4043 1059 4100 vertice
1079 4042 1194 4118 capitis,
1214 4045 1248 4097 ut

148 4127 181 4184 in
205 4124 348 4188 Pandecte
368 4129 465 4189 scribit
489 4127 673 4189 Leunclavius
692 4147 728 4188 ex
747 4125 881 4187 Ptaetore
905 4127 1039 4186 Graeciae
1058 4126 1190 4185 historico
1204 4119 1250 4181 iri·

150 4211 238 4270 edito.

236 4294 355 4356 Basilius
372 4296 632 4380 Porphyrogenitns
652 4297 730 4376 apud
751 4294 892 4355 Zonaram
912 4294 1067 4375 triumphat
1080 4287 1171 4377 τιάρα
1184 4309 1251 4354 ται-

151 4379 280 4456 vandale
300 4379 405 4470 ὀρθία,
426 4381 468 4466 ἣν
481 4387 602 4463 scopon
614 4387 701 4448 καλεῖ
712 4378 731 4446 o‘
747 4375 890 4464 δημώδης
903 4380 954 4446 καλ
966 4377 1063 4455 aroldo
1075 4375 1249 4461 ἅνθρωπος,
