<?xml version="1.0" encoding="UTF-8"?>
<!DOCTYPE html PUBLIC "-//W3C//DTD XHTML 1.0 Transitional//EN"
    "http://www.w3.org/TR/xhtml1/DTD/xhtml1-transitional.dtd">
<html xmlns="http://www.w3.org/1999/xhtml" xml:lang="en" lang="en">
 <head>
  <title>
</title>
<meta http-equiv="Content-Type" content="text/html;charset=utf-8" />
  <meta name='ocr-system' content='tesseract 3.04.00' />
  <meta name='ocr-capabilities' content='ocr_page ocr_carea ocr_par ocr_line ocrx_word'/>
</head>
<body>
  <div class='ocr_page' id='page_1' title='image "./corpusscriptoru43theogoog/corpusscriptoru43theogoog_0240.png"; bbox 0 0 3092 4942; ppageno 0'>
   <div class='ocr_carea' id='block_1_1' title="bbox 270 308 1215 419">
    <p class='ocr_par' dir='ltr' id='par_1_1' title="bbox 270 308 1215 419">
     <span class='ocr_line' id='line_1_1' title="bbox 270 308 1215 419; baseline -0.008 -32"><span class='ocrx_word' id='word_1_1' title='bbox 270 318 346 389; x_wconf 70' lang='lat'><strong>224</strong></span> <span class='ocrx_word' id='word_1_2' title='bbox 430 311 644 384; x_wconf 82' lang='lat' dir='ltr'>GRETSERI</span> <span class='ocrx_word' id='word_1_3' title='bbox 655 312 713 381; x_wconf 82' lang='grc' dir='ltr'><strong>ΕΤ</strong></span> <span class='ocrx_word' id='word_1_4' title='bbox 728 308 864 380; x_wconf 81' lang='lat' dir='ltr'><strong>GOARI</strong></span> <span class='ocrx_word' id='word_1_5' title='bbox 877 308 1215 419; x_wconf 75' lang='lat' dir='ltr'><strong>COMMENTARIUS</strong></span> 
     </span>
    </p>
   </div>
   <div class='ocr_carea' id='block_1_2' title="bbox 139 472 1376 549">
    <p class='ocr_par' dir='ltr' id='par_1_2' title="bbox 139 472 1376 549">
     <span class='ocr_line' id='line_1_2' title="bbox 139 472 1376 549; baseline -0.005 -12"><span class='ocrx_word' id='word_1_6' title='bbox 139 528 146 537; x_wconf 73' lang='grc'>,</span> <span class='ocrx_word' id='word_1_7' title='bbox 268 478 318 535; x_wconf 87' lang='lat' dir='ltr'><strong>diti</strong></span> <span class='ocrx_word' id='word_1_8' title='bbox 335 476 481 549; x_wconf 77' lang='lat' dir='ltr'><strong>Gmcclqoo</strong></span> <span class='ocrx_word' id='word_1_9' title='bbox 497 476 549 532; x_wconf 83' lang='lat' dir='ltr'><strong>riri</strong></span> <span class='ocrx_word' id='word_1_10' title='bbox 562 475 717 531; x_wconf 84' lang='lat' dir='ltr'><strong>anctoritate</strong></span> <span class='ocrx_word' id='word_1_11' title='bbox 733 473 852 544; x_wconf 77' lang='lat' dir='ltr'><strong>laudata,</strong></span> <span class='ocrx_word' id='word_1_12' title='bbox 870 472 977 529; x_wconf 75' lang='lat' dir='ltr'><strong>ladoirs</strong></span> <span class='ocrx_word' id='word_1_13' title='bbox 992 473 1179 547; x_wconf 70' lang='lat' dir='ltr'><strong>lemniscosque</strong></span> <span class='ocrx_word' id='word_1_14' title='bbox 1189 474 1312 531; x_wconf 83' lang='lat' dir='ltr'><strong>militares</strong></span> <span class='ocrx_word' id='word_1_15' title='bbox 1325 492 1376 531; x_wconf 82' lang='lat' dir='ltr'><strong>nn·</strong></span> 
     </span>
    </p>
   </div>
   <div class='ocr_carea' id='block_1_3' title="bbox 267 542 1376 689">
    <p class='ocr_par' dir='ltr' id='par_1_3' title="bbox 267 542 1376 689">
     <span class='ocr_line' id='line_1_3' title="bbox 268 542 1376 619; baseline -0.001 -16"><span class='ocrx_word' id='word_1_16' title='bbox 268 549 346 619; x_wconf 89' lang='lat' dir='ltr'><strong>tiquis</strong></span> <span class='ocrx_word' id='word_1_17' title='bbox 369 546 494 603; x_wconf 82' lang='lat' dir='ltr'><strong>Romanis</strong></span> <span class='ocrx_word' id='word_1_18' title='bbox 515 546 661 615; x_wconf 83' lang='lat' dir='ltr'><strong>relinquor,</strong></span> <span class='ocrx_word' id='word_1_19' title='bbox 683 550 711 598; x_wconf 88' lang='lat' dir='ltr'><strong>ct</strong></span> <span class='ocrx_word' id='word_1_20' title='bbox 732 544 760 599; x_wconf 90' lang='lat' dir='ltr'><strong>iu</strong></span> <span class='ocrx_word' id='word_1_21' title='bbox 777 544 924 598; x_wconf 77' lang='lat' dir='ltr'><strong>recentiore</strong></span> <span class='ocrx_word' id='word_1_22' title='bbox 941 544 1103 600; x_wconf 77' lang='lat' dir='ltr'><strong>Graecarum</strong></span> <span class='ocrx_word' id='word_1_23' title='bbox 1119 542 1230 599; x_wconf 85' lang='lat' dir='ltr'><strong>vestium</strong></span> <span class='ocrx_word' id='word_1_24' title='bbox 1246 563 1294 601; x_wconf 86' lang='lat' dir='ltr'><strong>usu</strong></span> <span class='ocrx_word' id='word_1_25' title='bbox 1310 565 1376 601; x_wconf 88' lang='lat' dir='ltr'><strong>uou-</strong></span> 
     </span>
     <span class='ocr_line' id='line_1_4' title="bbox 267 612 1010 689; baseline -0.003 -17"><span class='ocrx_word' id='word_1_26' title='bbox 267 618 318 672; x_wconf 88' lang='lat' dir='ltr'><strong>uisi</strong></span> <span class='ocrx_word' id='word_1_27' title='bbox 334 618 403 689; x_wconf 91' lang='lat' dir='ltr'><strong>qnod</strong></span> <span class='ocrx_word' id='word_1_28' title='bbox 421 617 510 671; x_wconf 88' lang='lat' dir='ltr'><strong>oculus</strong></span> <span class='ocrx_word' id='word_1_29' title='bbox 526 618 610 671; x_wconf 86' lang='lat' dir='ltr'><strong>ocrnit</strong></span> <span class='ocrx_word' id='word_1_30' title='bbox 626 621 655 670; x_wconf 88' lang='lat' dir='ltr'><strong>ct</strong></span> <span class='ocrx_word' id='word_1_31' title='bbox 671 615 737 669; x_wconf 77' lang='lat' dir='ltr'><strong>ratio</strong></span> <span class='ocrx_word' id='word_1_32' title='bbox 755 614 848 671; x_wconf 83' lang='lat' dir='ltr'><strong>suadet</strong></span> <span class='ocrx_word' id='word_1_33' title='bbox 864 612 1010 670; x_wconf 80' lang='lat' dir='ltr'><strong>adnotabis.</strong></span> 
     </span>
    </p>
   </div>
   <div class='ocr_carea' id='block_1_4' title="bbox 267 720 1382 1443">
    <p class='ocr_par' dir='ltr' id='par_1_4' title="bbox 267 720 1378 983">
     <span class='ocr_line' id='line_1_5' title="bbox 352 720 1377 813; baseline -0.002 -19"><span class='ocrx_word' id='word_1_34' title='bbox 352 733 438 811; x_wconf 84' lang='lat' dir='ltr'><strong>p.1s</strong></span> <span class='ocrx_word' id='word_1_35' title='bbox 458 750 485 790; x_wconf 87' lang='lat' dir='ltr'><strong>v.</strong></span> <span class='ocrx_word' id='word_1_36' title='bbox 506 733 555 798; x_wconf 85' lang='lat'><strong>11.</strong></span> <span class='ocrx_word' id='word_1_37' title='bbox 587 724 758 813; x_wconf 82' lang='grc' dir='ltr'><strong><em>ταμτοὶρτον</em></strong></span> <span class='ocrx_word' id='word_1_38' title='bbox 780 748 833 809; x_wconf 87' lang='lat' dir='ltr'><strong>pro</strong></span> <span class='ocrx_word' id='word_1_39' title='bbox 859 720 1033 809; x_wconf 78' lang='grc' dir='ltr'><strong><em>τατπολρτον</em></strong></span> <span class='ocrx_word' id='word_1_40' title='bbox 1059 728 1119 787; x_wconf 87' lang='lat' dir='ltr'><strong>sivo</strong></span> <span class='ocrx_word' id='word_1_41' title='bbox 1138 722 1323 810; x_wconf 80' lang='grc' dir='ltr'><strong><em>ταββολρτον,</em></strong></span> <span class='ocrx_word' id='word_1_42' title='bbox 1342 736 1377 793; x_wconf 90' lang='lat' dir='ltr'><strong>ut</strong></span> 
     </span>
     <span class='ocr_line' id='line_1_6' title="bbox 269 808 1378 901; baseline -0.005 -22"><span class='ocrx_word' id='word_1_43' title='bbox 269 811 446 897; x_wconf 76' lang='grc' dir='ltr'><strong><em>μαμττάριον</em></strong></span> <span class='ocrx_word' id='word_1_44' title='bbox 470 811 665 901; x_wconf 74' lang='grc' dir='ltr'><strong><em>μαννάριον,</em></strong></span> <span class='ocrx_word' id='word_1_45' title='bbox 686 808 1017 898; x_wconf 57' lang='lat' dir='ltr'><strong>&amp;ambrosiastrum</strong></span> <span class='ocrx_word' id='word_1_46' title='bbox 1037 810 1167 877; x_wconf 84' lang='lat' dir='ltr'><strong>Italicum</strong></span> <span class='ocrx_word' id='word_1_47' title='bbox 1186 817 1311 890; x_wconf 85' lang='lat' dir='ltr'><strong>tuburro,</strong></span> <span class='ocrx_word' id='word_1_48' title='bbox 1328 836 1378 897; x_wconf 80' lang='lat' dir='ltr'><strong>pe·</strong></span> 
     </span>
     <span class='ocr_line' id='line_1_7' title="bbox 267 902 502 983; baseline 0.013 -21"><span class='ocrx_word' id='word_1_49' title='bbox 267 902 350 978; x_wconf 79' lang='lat' dir='ltr'><strong>nula,</strong></span> <span class='ocrx_word' id='word_1_50' title='bbox 371 903 502 983; x_wconf 75' lang='lat' dir='ltr'><strong>chlamys.</strong></span> 
     </span>
    </p>

    <p class='ocr_par' dir='ltr' id='par_1_5' title="bbox 270 1010 1382 1443">
     <span class='ocr_line' id='line_1_8' title="bbox 337 1010 1378 1086; baseline 0 -17"><span class='ocrx_word' id='word_1_51' title='bbox 337 1012 511 1086; x_wconf 77' lang='grc' dir='ltr'><strong><em>ταμαιολριον]</em></strong></span> <span class='ocrx_word' id='word_1_52' title='bbox 542 1016 659 1085; x_wconf 58' lang='lat' dir='ltr'><strong>abimus</strong></span> <span class='ocrx_word' id='word_1_53' title='bbox 693 1012 868 1083; x_wconf 76' lang='lat' dir='ltr'><strong>imperatoria</strong></span> <span class='ocrx_word' id='word_1_54' title='bbox 907 1010 941 1065; x_wconf 86' lang='lat' dir='ltr'><strong>cd</strong></span> <span class='ocrx_word' id='word_1_55' title='bbox 992 1010 1053 1065; x_wconf 82' lang='lat' dir='ltr'><strong>cdes</strong></span> <span class='ocrx_word' id='word_1_56' title='bbox 1089 1012 1222 1080; x_wconf 75' lang='lat' dir='ltr'><strong>defluens,</strong></span> <span class='ocrx_word' id='word_1_57' title='bbox 1259 1014 1378 1071; x_wconf 81' lang='lat' dir='ltr'><strong>militaris</strong></span> 
     </span>
     <span class='ocr_line' id='line_1_9' title="bbox 271 1080 1378 1156; baseline 0.001 -16"><span class='ocrx_word' id='word_1_58' title='bbox 271 1102 450 1156; x_wconf 77' lang='lat' dir='ltr'><strong>nonuunquam</strong></span> <span class='ocrx_word' id='word_1_59' title='bbox 481 1094 511 1139; x_wconf 86' lang='lat' dir='ltr'><strong>et</strong></span> <span class='ocrx_word' id='word_1_60' title='bbox 541 1086 657 1139; x_wconf 80' lang='lat' dir='ltr'><strong>brevior.</strong></span> <span class='ocrx_word' id='word_1_61' title='bbox 692 1084 800 1140; x_wconf 82' lang='lat' dir='ltr'><strong>Nicctnr</strong></span> <span class='ocrx_word' id='word_1_62' title='bbox 822 1084 849 1135; x_wconf 91' lang='lat' dir='ltr'><strong>in</strong></span> <span class='ocrx_word' id='word_1_63' title='bbox 871 1081 952 1136; x_wconf 85' lang='lat' dir='ltr'><strong>Manu</strong></span> <span class='ocrx_word' id='word_1_64' title='bbox 978 1101 994 1135; x_wconf 84' lang='lat' dir='ltr'><strong>e</strong></span> <span class='ocrx_word' id='word_1_65' title='bbox 1021 1083 1152 1137; x_wconf 82' lang='lat' dir='ltr'><strong>Comueuo</strong></span> <span class='ocrx_word' id='word_1_66' title='bbox 1174 1084 1191 1137; x_wconf 91' lang='grc' dir='ltr'><strong>Ι.</strong></span> <span class='ocrx_word' id='word_1_67' title='bbox 1209 1083 1241 1138; x_wconf 81' lang='grc' dir='ltr'><strong><em>4τ</em></strong></span> <span class='ocrx_word' id='word_1_68' title='bbox 1267 1085 1304 1156; x_wconf 82' lang='grc' dir='ltr'><strong><em>τῇ</em></strong></span> <span class='ocrx_word' id='word_1_69' title='bbox 1326 1080 1378 1154; x_wconf 68' lang='grc' dir='ltr'><strong><em>μὶν</em></strong></span> 
     </span>
     <span class='ocr_line' id='line_1_10' title="bbox 270 1146 1379 1227; baseline 0 -20"><span class='ocrx_word' id='word_1_70' title='bbox 270 1151 391 1227; x_wconf 63' lang='grc' dir='ltr'><strong><em>χλαμύδι</em></strong></span> <span class='ocrx_word' id='word_1_71' title='bbox 407 1158 460 1211; x_wconf 78' lang='grc' dir='ltr'><strong><em>τοῦ</em></strong></span> <span class='ocrx_word' id='word_1_72' title='bbox 475 1150 602 1224; x_wconf 73' lang='grc' dir='ltr'><strong><em>σώματος</em></strong></span> <span class='ocrx_word' id='word_1_73' title='bbox 617 1154 771 1223; x_wconf 79' lang='grc' dir='ltr'><strong><em>τττριείληαε</em></strong></span> <span class='ocrx_word' id='word_1_74' title='bbox 786 1146 838 1207; x_wconf 77' lang='grc' dir='ltr'><strong>τὸν</strong></span> <span class='ocrx_word' id='word_1_75' title='bbox 854 1148 949 1220; x_wconf 74' lang='grc' dir='ltr'><strong><em>λόγον.</em></strong></span> <span class='ocrx_word' id='word_1_76' title='bbox 984 1151 1055 1205; x_wconf 88' lang='lat' dir='ltr'><strong>cuius</strong></span> <span class='ocrx_word' id='word_1_77' title='bbox 1077 1152 1129 1206; x_wconf 86' lang='lat' dir='ltr'><strong>alia</strong></span> <span class='ocrx_word' id='word_1_78' title='bbox 1152 1152 1229 1207; x_wconf 82' lang='lat' dir='ltr'><strong>lectio</strong></span> <span class='ocrx_word' id='word_1_79' title='bbox 1247 1154 1314 1207; x_wconf 88' lang='lat' dir='ltr'><strong>inter</strong></span> <span class='ocrx_word' id='word_1_80' title='bbox 1328 1170 1379 1209; x_wconf 86' lang='lat' dir='ltr'><strong>vc-</strong></span> 
     </span>
     <span class='ocr_line' id='line_1_11' title="bbox 271 1215 1380 1295; baseline -0.002 -16"><span class='ocrx_word' id='word_1_81' title='bbox 271 1225 326 1279; x_wconf 81' lang='lat' dir='ltr'><strong>rius</strong></span> <span class='ocrx_word' id='word_1_82' title='bbox 342 1226 433 1279; x_wconf 82' lang='lat' dir='ltr'><strong>scribit</strong></span> <span class='ocrx_word' id='word_1_83' title='bbox 449 1226 491 1294; x_wconf 75' lang='grc' dir='ltr'><strong><em>τῷ</em></strong></span> <span class='ocrx_word' id='word_1_84' title='bbox 506 1220 558 1292; x_wconf 73' lang='grc' dir='ltr'><strong><em>μὲν</em></strong></span> <span class='ocrx_word' id='word_1_85' title='bbox 571 1221 720 1295; x_wconf 79' lang='grc' dir='ltr'><strong><em>ταμτταρλφ</em></strong></span> <span class='ocrx_word' id='word_1_86' title='bbox 737 1222 790 1275; x_wconf 79' lang='grc' dir='ltr'><strong><em>τοῦ</em></strong></span> <span class='ocrx_word' id='word_1_87' title='bbox 805 1216 932 1289; x_wconf 77' lang='grc' dir='ltr'><strong><em>σώματος</em></strong></span> <span class='ocrx_word' id='word_1_88' title='bbox 947 1221 1100 1290; x_wconf 59' lang='lat' dir='ltr'><strong>sanction</strong></span> <span class='ocrx_word' id='word_1_89' title='bbox 1116 1215 1168 1275; x_wconf 79' lang='grc' dir='ltr'><strong>τὸν</strong></span> <span class='ocrx_word' id='word_1_90' title='bbox 1178 1218 1271 1291; x_wconf 75' lang='grc' dir='ltr'><strong><em>λύγον.</em></strong></span> <span class='ocrx_word' id='word_1_91' title='bbox 1290 1230 1320 1277; x_wconf 87' lang='lat' dir='ltr'><strong>ut</strong></span> <span class='ocrx_word' id='word_1_92' title='bbox 1331 1241 1380 1292; x_wconf 83' lang='lat' dir='ltr'><strong>ge-</strong></span> 
     </span>
     <span class='ocr_line' id='line_1_12' title="bbox 270 1290 1381 1364; baseline -0.002 -17"><span class='ocrx_word' id='word_1_93' title='bbox 270 1301 372 1348; x_wconf 84' lang='lat' dir='ltr'><strong>reretur</strong></span> <span class='ocrx_word' id='word_1_94' title='bbox 389 1295 433 1349; x_wconf 92' lang='lat' dir='ltr'><strong>vcl</strong></span> <span class='ocrx_word' id='word_1_95' title='bbox 450 1310 543 1364; x_wconf 86' lang='lat' dir='ltr'><strong>corpus</strong></span> <span class='ocrx_word' id='word_1_96' title='bbox 561 1292 686 1360; x_wconf 83' lang='lat' dir='ltr'><strong>ambiret,</strong></span> <span class='ocrx_word' id='word_1_97' title='bbox 710 1291 776 1343; x_wconf 84' lang='lat' dir='ltr'><strong>hacc</strong></span> <span class='ocrx_word' id='word_1_98' title='bbox 797 1290 851 1343; x_wconf 85' lang='lat' dir='ltr'><strong>alia</strong></span> <span class='ocrx_word' id='word_1_99' title='bbox 867 1290 1002 1361; x_wconf 82' lang='lat' dir='ltr'><strong>scriptoris</strong></span> <span class='ocrx_word' id='word_1_100' title='bbox 1019 1290 1131 1343; x_wconf 84' lang='lat' dir='ltr'><strong>ciusdem</strong></span> <span class='ocrx_word' id='word_1_101' title='bbox 1146 1291 1229 1345; x_wconf 84' lang='lat' dir='ltr'><strong>verba</strong></span> <span class='ocrx_word' id='word_1_102' title='bbox 1247 1292 1381 1346; x_wconf 78' lang='lat' dir='ltr'><strong>declarant</strong></span> 
     </span>
     <span class='ocr_line' id='line_1_13' title="bbox 271 1349 1382 1443; baseline -0.001 -27"><span class='ocrx_word' id='word_1_103' title='bbox 271 1363 291 1417; x_wconf 88' lang='lat'><strong>1.</strong></span> <span class='ocrx_word' id='word_1_104' title='bbox 309 1365 342 1417; x_wconf 81' lang='lat'><strong>3:</strong></span> <span class='ocrx_word' id='word_1_105' title='bbox 359 1360 486 1433; x_wconf 71' lang='grc' dir='ltr'><strong><em>χλαμύδα</em></strong></span> <span class='ocrx_word' id='word_1_106' title='bbox 502 1357 665 1431; x_wconf 74' lang='grc' dir='ltr'><strong><em>ἠοθημένος</em></strong></span> <span class='ocrx_word' id='word_1_107' title='bbox 680 1354 861 1427; x_wconf 79' lang='grc' dir='ltr'><strong><em>ολοττιοτέραν</em></strong></span> <span class='ocrx_word' id='word_1_108' title='bbox 877 1358 942 1428; x_wconf 78' lang='grc' dir='ltr'><strong><em>περὶ</em></strong></span> <span class='ocrx_word' id='word_1_109' title='bbox 958 1353 1010 1413; x_wconf 80' lang='grc' dir='ltr'><strong>τὸν</strong></span> <span class='ocrx_word' id='word_1_110' title='bbox 1033 1353 1126 1443; x_wconf 62' lang='grc' dir='ltr'><strong><em>δεξιον</em></strong></span> <span class='ocrx_word' id='word_1_111' title='bbox 1150 1349 1226 1427; x_wconf 81' lang='grc' dir='ltr'><strong><em>ὦμον</em></strong></span> <span class='ocrx_word' id='word_1_112' title='bbox 1241 1378 1382 1426; x_wconf 71' lang='lat' dir='ltr'><strong>uranosco-</strong></span> 
     </span>
    </p>
   </div>
   <div class='ocr_carea' id='block_1_5' title="bbox 799 1422 807 1445">
    <p class='ocr_par' dir='ltr' id='par_1_6' title="bbox 799 1422 807 1445">
     <span class='ocr_line' id='line_1_14' title="bbox 799 1422 807 1445; baseline 0 0"><span class='ocrx_word' id='word_1_113' title='bbox 799 1422 807 1445; x_wconf 66' lang='lat' dir='ltr'><strong>i</strong></span> 
     </span>
    </p>
   </div>
   <div class='ocr_carea' id='block_1_6' title="bbox 270 1422 1381 1640">
    <p class='ocr_par' dir='ltr' id='par_1_7' title="bbox 270 1422 1381 1640">
     <span class='ocr_line' id='line_1_15' title="bbox 271 1422 1381 1511; baseline 0 -26"><span class='ocrx_word' id='word_1_114' title='bbox 271 1427 369 1503; x_wconf 78' lang='grc' dir='ltr'><strong><em>μένην,</em></strong></span> <span class='ocrx_word' id='word_1_115' title='bbox 387 1432 436 1487; x_wconf 81' lang='lat' dir='ltr'><strong>occi</strong></span> <span class='ocrx_word' id='word_1_116' title='bbox 452 1429 585 1499; x_wconf 72' lang='grc' dir='ltr'><strong>ἀφιεῖσαν</strong></span> <span class='ocrx_word' id='word_1_117' title='bbox 602 1425 758 1499; x_wconf 63' lang='grc' dir='ltr'><strong><em>ἐλευθέραν</em></strong></span> <span class='ocrx_word' id='word_1_118' title='bbox 774 1447 827 1497; x_wconf 83' lang='grc' dir='ltr'><strong>την</strong></span> <span class='ocrx_word' id='word_1_119' title='bbox 858 1432 920 1511; x_wconf 74' lang='grc' dir='ltr'><strong><em>εἶρα</em></strong></span> <span class='ocrx_word' id='word_1_120' title='bbox 937 1422 1056 1483; x_wconf 74' lang='grc' dir='ltr'><strong><em>κατὰτὸ</em></strong></span> <span class='ocrx_word' id='word_1_121' title='bbox 1074 1444 1220 1498; x_wconf 83' lang='grc' dir='ltr'><strong><em>πορττημα.</em></strong></span> <span class='ocrx_word' id='word_1_122' title='bbox 1253 1431 1297 1483; x_wconf 91' lang='lat' dir='ltr'><strong>ubi</strong></span> <span class='ocrx_word' id='word_1_123' title='bbox 1315 1449 1381 1485; x_wconf 84' lang='lat' dir='ltr'><strong>vcro</strong></span> 
     </span>
     <span class='ocr_line' id='line_1_16' title="bbox 270 1448 1381 1571; baseline 0.003 -17"><span class='ocrx_word' id='word_1_124' title='bbox 270 1501 432 1569; x_wconf 85' lang='grc' dir='ltr'><strong><em>ταμνταρίου</em></strong></span> <span class='ocrx_word' id='word_1_125' title='bbox 458 1502 519 1553; x_wconf 81' lang='lat' dir='ltr'><strong>vics</strong></span> <span class='ocrx_word' id='word_1_126' title='bbox 539 1495 702 1569; x_wconf 79' lang='grc' dir='ltr'><strong><em>ταντττάριον</em></strong></span> <span class='ocrx_word' id='word_1_127' title='bbox 728 1498 770 1551; x_wconf 85' lang='lat' dir='ltr'><strong>vel</strong></span> <span class='ocrx_word' id='word_1_128' title='bbox 795 1448 954 1571; x_wconf 53' lang='grc' dir='ltr'><strong><em>ταξβαριον</em></strong></span> <span class='ocrx_word' id='word_1_129' title='bbox 981 1496 1119 1569; x_wconf 79' lang='lat' dir='ltr'><strong>legendum</strong></span> <span class='ocrx_word' id='word_1_130' title='bbox 1146 1503 1222 1571; x_wconf 84' lang='lat' dir='ltr'><strong>putat</strong></span> <span class='ocrx_word' id='word_1_131' title='bbox 1249 1499 1381 1557; x_wconf 65' lang='lat' dir='ltr'><strong>Maurius</strong></span> 
     </span>
     <span class='ocr_line' id='line_1_17' title="bbox 271 1570 619 1640; baseline 0.003 -16"><span class='ocrx_word' id='word_1_132' title='bbox 271 1570 341 1625; x_wconf 84' lang='lat' dir='ltr'><strong>nullo</strong></span> <span class='ocrx_word' id='word_1_133' title='bbox 358 1577 481 1640; x_wconf 84' lang='lat' dir='ltr'><strong>anctore,</strong></span> <span class='ocrx_word' id='word_1_134' title='bbox 496 1579 619 1639; x_wconf 76' lang='lat' dir='ltr'><strong>uugmur.</strong></span> 
     </span>
    </p>
   </div>
   <div class='ocr_carea' id='block_1_7' title="bbox 258 1672 1458 4151">
    <p class='ocr_par' dir='ltr' id='par_1_8' title="bbox 270 1672 1458 3976">
     <span class='ocr_line' id='line_1_18' title="bbox 357 1672 1381 1751; baseline -0.001 -15"><span class='ocrx_word' id='word_1_135' title='bbox 357 1676 455 1736; x_wconf 87' lang='lat' dir='ltr'><strong>Iunius</strong></span> <span class='ocrx_word' id='word_1_136' title='bbox 469 1677 500 1737; x_wconf 87' lang='lat' dir='ltr'><strong>in</strong></span> <span class='ocrx_word' id='word_1_137' title='bbox 512 1676 625 1737; x_wconf 86' lang='lat' dir='ltr'><strong>Codino</strong></span> <span class='ocrx_word' id='word_1_138' title='bbox 637 1673 787 1734; x_wconf 88' lang='lat' dir='ltr'><strong>confundit</strong></span> <span class='ocrx_word' id='word_1_139' title='bbox 798 1675 963 1751; x_wconf 77' lang='lat' dir='ltr'><strong>margaritus</strong></span> <span class='ocrx_word' id='word_1_140' title='bbox 976 1690 1041 1733; x_wconf 85' lang='lat' dir='ltr'><strong>cum</strong></span> <span class='ocrx_word' id='word_1_141' title='bbox 1054 1672 1201 1751; x_wconf 69' lang='lat' dir='ltr'><strong>nagelta,</strong></span> <span class='ocrx_word' id='word_1_142' title='bbox 1216 1678 1246 1733; x_wconf 92' lang='lat' dir='ltr'><strong>et</strong></span> <span class='ocrx_word' id='word_1_143' title='bbox 1260 1674 1290 1733; x_wconf 93' lang='lat' dir='ltr'><strong>id</strong></span> <span class='ocrx_word' id='word_1_144' title='bbox 1302 1676 1381 1751; x_wconf 92' lang='lat' dir='ltr'><strong>quod</strong></span> 
     </span>
     <span class='ocr_line' id='line_1_19' title="bbox 273 1759 1383 1845; baseline -0.003 -23"><span class='ocrx_word' id='word_1_145' title='bbox 273 1780 308 1822; x_wconf 83' lang='lat' dir='ltr'><strong>ex</strong></span> <span class='ocrx_word' id='word_1_146' title='bbox 322 1763 463 1841; x_wconf 82' lang='lat' dir='ltr'><strong>margellis</strong></span> <span class='ocrx_word' id='word_1_147' title='bbox 474 1768 597 1840; x_wconf 81' lang='lat' dir='ltr'><strong>constat,</strong></span> <span class='ocrx_word' id='word_1_148' title='bbox 614 1780 678 1820; x_wconf 90' lang='lat' dir='ltr'><strong>cum</strong></span> <span class='ocrx_word' id='word_1_149' title='bbox 687 1760 734 1818; x_wconf 88' lang='lat' dir='ltr'><strong>illo</strong></span> <span class='ocrx_word' id='word_1_150' title='bbox 749 1760 828 1835; x_wconf 89' lang='lat' dir='ltr'><strong>quod</strong></span> <span class='ocrx_word' id='word_1_151' title='bbox 840 1763 954 1845; x_wconf 79' lang='lat' dir='ltr'><strong>constat</strong></span> <span class='ocrx_word' id='word_1_152' title='bbox 968 1776 1003 1819; x_wconf 88' lang='lat' dir='ltr'><strong>ex</strong></span> <span class='ocrx_word' id='word_1_153' title='bbox 1012 1759 1187 1837; x_wconf 82' lang='lat' dir='ltr'><strong>margaritis,</strong></span> <span class='ocrx_word' id='word_1_154' title='bbox 1208 1778 1272 1819; x_wconf 89' lang='lat' dir='ltr'><strong>oum</strong></span> <span class='ocrx_word' id='word_1_155' title='bbox 1283 1766 1383 1820; x_wconf 88' lang='lat' dir='ltr'><strong>tamen</strong></span> 
     </span>
     <span class='ocr_line' id='line_1_20' title="bbox 273 1841 1382 1928; baseline -0.005 -20"><span class='ocrx_word' id='word_1_156' title='bbox 273 1849 351 1908; x_wconf 88' lang='lat' dir='ltr'><strong>haud</strong></span> <span class='ocrx_word' id='word_1_157' title='bbox 365 1850 466 1928; x_wconf 80' lang='lat' dir='ltr'><strong>exiguo</strong></span> <span class='ocrx_word' id='word_1_158' title='bbox 483 1848 641 1907; x_wconf 78' lang='lat' dir='ltr'><strong>discrimine</strong></span> <span class='ocrx_word' id='word_1_159' title='bbox 656 1846 771 1905; x_wconf 85' lang='lat' dir='ltr'><strong>distent</strong></span> <span class='ocrx_word' id='word_1_160' title='bbox 792 1863 859 1904; x_wconf 90' lang='lat' dir='ltr'><strong>nam</strong></span> <span class='ocrx_word' id='word_1_161' title='bbox 874 1844 1010 1923; x_wconf 78' lang='lat' dir='ltr'><strong>margella</strong></span> <span class='ocrx_word' id='word_1_162' title='bbox 1025 1846 1166 1923; x_wconf 79' lang='lat' dir='ltr'><strong>significat</strong></span> <span class='ocrx_word' id='word_1_163' title='bbox 1190 1841 1223 1925; x_wconf 93' lang='lat'><strong>1)</strong></span> <span class='ocrx_word' id='word_1_164' title='bbox 1237 1845 1382 1907; x_wconf 73' lang='lat' dir='ltr'><strong>corallium</strong></span> 
     </span>
     <span class='ocr_line' id='line_1_21' title="bbox 272 1930 1382 2014; baseline -0.002 -19"><span class='ocrx_word' id='word_1_165' title='bbox 272 1934 412 2014; x_wconf 85' lang='lat' dir='ltr'><strong>lapidem,</strong></span> <span class='ocrx_word' id='word_1_166' title='bbox 438 1932 474 2014; x_wconf 78' lang='grc'><strong>2)</strong></span> <span class='ocrx_word' id='word_1_167' title='bbox 491 1936 592 1993; x_wconf 83' lang='lat' dir='ltr'><strong>florem</strong></span> <span class='ocrx_word' id='word_1_168' title='bbox 604 1951 656 1991; x_wconf 88' lang='lat' dir='ltr'><strong>seu</strong></span> <span class='ocrx_word' id='word_1_169' title='bbox 668 1930 785 1993; x_wconf 68' lang='lat' dir='ltr'><strong>hubam</strong></span> <span class='ocrx_word' id='word_1_170' title='bbox 802 1931 1005 2010; x_wconf 78' lang='lat' dir='ltr'><strong>mcgdlidem,</strong></span> <span class='ocrx_word' id='word_1_171' title='bbox 1028 1948 1101 2007; x_wconf 81' lang='lat' dir='ltr'><strong>quae</strong></span> <span class='ocrx_word' id='word_1_172' title='bbox 1118 1931 1222 1991; x_wconf 86' lang='lat' dir='ltr'><strong>rubore</strong></span> <span class='ocrx_word' id='word_1_173' title='bbox 1237 1932 1382 1993; x_wconf 81' lang='lat' dir='ltr'><strong>corallium</strong></span> 
     </span>
     <span class='ocr_line' id='line_1_22' title="bbox 272 2017 1381 2096; baseline -0.004 -14"><span class='ocrx_word' id='word_1_174' title='bbox 272 2021 416 2082; x_wconf 79' lang='lat' dir='ltr'><strong>mentitur.</strong></span> <span class='ocrx_word' id='word_1_175' title='bbox 458 2018 566 2080; x_wconf 82' lang='lat' dir='ltr'><strong>Gallice</strong></span> <span class='ocrx_word' id='word_1_176' title='bbox 582 2018 734 2096; x_wconf 67' lang='lat' dir='ltr'><strong>maguum</strong></span> <span class='ocrx_word' id='word_1_177' title='bbox 750 2036 802 2079; x_wconf 86' lang='lat' dir='ltr'><strong>seu</strong></span> <span class='ocrx_word' id='word_1_178' title='bbox 821 2018 997 2093; x_wconf 57' lang='lat' dir='ltr'><strong>morgellc&#39;am</strong></span> <span class='ocrx_word' id='word_1_179' title='bbox 1024 2017 1106 2095; x_wconf 83' lang='lat' dir='ltr'><strong>quasi</strong></span> <span class='ocrx_word' id='word_1_180' title='bbox 1122 2036 1233 2075; x_wconf 88' lang='lat' dir='ltr'><strong>morsus</strong></span> <span class='ocrx_word' id='word_1_181' title='bbox 1251 2018 1381 2095; x_wconf 87' lang='lat' dir='ltr'><strong>gallinae.</strong></span> 
     </span>
     <span class='ocr_line' id='line_1_23' title="bbox 270 2100 1381 2186; baseline -0.005 -18"><span class='ocrx_word' id='word_1_182' title='bbox 270 2106 412 2183; x_wconf 82' lang='lat' dir='ltr'><strong>Aegineta</strong></span> <span class='ocrx_word' id='word_1_183' title='bbox 424 2106 587 2186; x_wconf 83' lang='grc' dir='ltr'><strong><em>κοραλλλαν</em></strong></span> <span class='ocrx_word' id='word_1_184' title='bbox 601 2103 735 2183; x_wconf 80' lang='lat' dir='ltr'><strong>appellat</strong></span> <span class='ocrx_word' id='word_1_185' title='bbox 762 2100 798 2181; x_wconf 83' lang='grc'><strong>8)</strong></span> <span class='ocrx_word' id='word_1_186' title='bbox 812 2102 843 2161; x_wconf 92' lang='lat' dir='ltr'><strong>id</strong></span> <span class='ocrx_word' id='word_1_187' title='bbox 857 2103 935 2180; x_wconf 89' lang='lat' dir='ltr'><strong>quod</strong></span> <span class='ocrx_word' id='word_1_188' title='bbox 950 2104 1048 2161; x_wconf 87' lang='lat' dir='ltr'><strong>florem</strong></span> <span class='ocrx_word' id='word_1_189' title='bbox 1058 2107 1088 2160; x_wconf 89' lang='lat' dir='ltr'><strong>et</strong></span> <span class='ocrx_word' id='word_1_190' title='bbox 1101 2102 1224 2181; x_wconf 85' lang='lat' dir='ltr'><strong>lapidem</strong></span> <span class='ocrx_word' id='word_1_191' title='bbox 1237 2102 1381 2163; x_wconf 89' lang='lat' dir='ltr'><strong>corallium</strong></span> 
     </span>
     <span class='ocr_line' id='line_1_24' title="bbox 270 2187 1381 2269; baseline -0.004 -18"><span class='ocrx_word' id='word_1_192' title='bbox 270 2192 406 2252; x_wconf 86' lang='lat' dir='ltr'><strong>imitatur.</strong></span> <span class='ocrx_word' id='word_1_193' title='bbox 436 2188 472 2269; x_wconf 80' lang='lat'><strong>4)</strong></span> <span class='ocrx_word' id='word_1_194' title='bbox 487 2191 577 2252; x_wconf 87' lang='lat' dir='ltr'><strong>omnis</strong></span> <span class='ocrx_word' id='word_1_195' title='bbox 597 2190 709 2267; x_wconf 87' lang='lat' dir='ltr'><strong>generis</strong></span> <span class='ocrx_word' id='word_1_196' title='bbox 727 2189 852 2269; x_wconf 89' lang='lat' dir='ltr'><strong>pretiosa</strong></span> <span class='ocrx_word' id='word_1_197' title='bbox 866 2193 895 2247; x_wconf 89' lang='lat' dir='ltr'><strong>et</strong></span> <span class='ocrx_word' id='word_1_198' title='bbox 913 2187 1062 2246; x_wconf 84' lang='lat' dir='ltr'><strong>discoloria</strong></span> <span class='ocrx_word' id='word_1_199' title='bbox 1076 2194 1238 2247; x_wconf 81' lang='lat' dir='ltr'><strong>assumento</strong></span> <span class='ocrx_word' id='word_1_200' title='bbox 1254 2188 1381 2249; x_wconf 87' lang='lat' dir='ltr'><strong>vestibus</strong></span> 
     </span>
     <span class='ocr_line' id='line_1_25' title="bbox 271 2272 1381 2355; baseline 0 -20"><span class='ocrx_word' id='word_1_201' title='bbox 271 2274 425 2354; x_wconf 87' lang='lat' dir='ltr'><strong>superaddi</strong></span> <span class='ocrx_word' id='word_1_202' title='bbox 448 2275 541 2336; x_wconf 81' lang='lat' dir='ltr'><strong>solita</strong></span> <span class='ocrx_word' id='word_1_203' title='bbox 578 2272 755 2355; x_wconf 75' lang='grc' dir='ltr'><strong><em>μαργὲλλιον</em></strong></span> <span class='ocrx_word' id='word_1_204' title='bbox 775 2291 862 2355; x_wconf 81' lang='lat' dir='ltr'><strong>saepo</strong></span> <span class='ocrx_word' id='word_1_205' title='bbox 881 2274 957 2332; x_wconf 85' lang='lat' dir='ltr'><strong>idem</strong></span> <span class='ocrx_word' id='word_1_206' title='bbox 977 2272 1118 2351; x_wconf 84' lang='lat' dir='ltr'><strong>significat</strong></span> <span class='ocrx_word' id='word_1_207' title='bbox 1140 2274 1219 2349; x_wconf 91' lang='lat' dir='ltr'><strong>quod</strong></span> <span class='ocrx_word' id='word_1_208' title='bbox 1239 2274 1381 2353; x_wconf 83' lang='lat' dir='ltr'><strong>margellu.</strong></span> 
     </span>
     <span class='ocr_line' id='line_1_26' title="bbox 272 2357 1381 2441; baseline -0.001 -21"><span class='ocrx_word' id='word_1_209' title='bbox 272 2359 427 2436; x_wconf 89' lang='lat' dir='ltr'><strong>aliquando</strong></span> <span class='ocrx_word' id='word_1_210' title='bbox 439 2358 613 2441; x_wconf 83' lang='lat' dir='ltr'><strong>margellium</strong></span> <span class='ocrx_word' id='word_1_211' title='bbox 628 2365 674 2418; x_wconf 89' lang='lat' dir='ltr'><strong>est</strong></span> <span class='ocrx_word' id='word_1_212' title='bbox 686 2357 795 2419; x_wconf 84' lang='lat' dir='ltr'><strong>fimbria</strong></span> <span class='ocrx_word' id='word_1_213' title='bbox 808 2377 858 2418; x_wconf 89' lang='lat' dir='ltr'><strong>seu</strong></span> <span class='ocrx_word' id='word_1_214' title='bbox 871 2357 973 2421; x_wconf 77' lang='lat' dir='ltr'><strong>limbus</strong></span> <span class='ocrx_word' id='word_1_215' title='bbox 989 2378 1024 2417; x_wconf 82' lang='lat' dir='ltr'><strong>ex</strong></span> <span class='ocrx_word' id='word_1_216' title='bbox 1040 2358 1176 2437; x_wconf 87' lang='lat' dir='ltr'><strong>margella</strong></span> <span class='ocrx_word' id='word_1_217' title='bbox 1193 2378 1244 2419; x_wconf 83' lang='lat' dir='ltr'><strong>seu</strong></span> <span class='ocrx_word' id='word_1_218' title='bbox 1258 2360 1381 2420; x_wconf 88' lang='lat' dir='ltr'><strong>corallio.</strong></span> 
     </span>
     <span class='ocr_line' id='line_1_27' title="bbox 271 2438 1383 2547; baseline 0.004 -42"><span class='ocrx_word' id='word_1_219' title='bbox 271 2443 489 2525; x_wconf 81' lang='lat' dir='ltr'><strong>Moschopulus:</strong></span> <span class='ocrx_word' id='word_1_220' title='bbox 519 2448 607 2524; x_wconf 75' lang='grc' dir='ltr'><strong><em>λαῖμα</em></strong></span> <span class='ocrx_word' id='word_1_221' title='bbox 625 2440 660 2508; x_wconf 82' lang='lat' dir='ltr'><strong>rb</strong></span> <span class='ocrx_word' id='word_1_222' title='bbox 682 2438 733 2505; x_wconf 75' lang='grc' dir='ltr'><strong><em>ἅττ’</em></strong></span> <span class='ocrx_word' id='word_1_223' title='bbox 759 2440 857 2547; x_wconf 69' lang='grc' dir='ltr'><strong><em>ἄκρου</em></strong></span> <span class='ocrx_word' id='word_1_224' title='bbox 877 2439 957 2517; x_wconf 76' lang='grc' dir='ltr'><strong><em>τινὰς</em></strong></span> <span class='ocrx_word' id='word_1_225' title='bbox 991 2443 1185 2525; x_wconf 74' lang='grc' dir='ltr'><strong><em>ἐκτεταμένον</em></strong></span> <span class='ocrx_word' id='word_1_226' title='bbox 1210 2444 1264 2509; x_wconf 84' lang='grc' dir='ltr'><strong>καλ</strong></span> <span class='ocrx_word' id='word_1_227' title='bbox 1285 2444 1383 2511; x_wconf 81' lang='grc' dir='ltr'><strong><em>ολονελ</em></strong></span> 
     </span>
     <span class='ocr_line' id='line_1_28' title="bbox 273 2522 1381 2611; baseline -0.002 -18"><span class='ocrx_word' id='word_1_228' title='bbox 273 2525 375 2610; x_wconf 76' lang='grc' dir='ltr'><strong><em>ὅρλζον</em></strong></span> <span class='ocrx_word' id='word_1_229' title='bbox 392 2522 485 2606; x_wconf 74' lang='grc' dir='ltr'><strong><em>αὐτό,</em></strong></span> <span class='ocrx_word' id='word_1_230' title='bbox 505 2527 548 2603; x_wconf 73' lang='grc' dir='ltr'><strong>οἱς</strong></span> <span class='ocrx_word' id='word_1_231' title='bbox 565 2524 601 2591; x_wconf 76' lang='grc' dir='ltr'><strong><em>τδ</em></strong></span> <span class='ocrx_word' id='word_1_232' title='bbox 614 2531 726 2601; x_wconf 73' lang='grc' dir='ltr'><strong><em>κοινοῖς</em></strong></span> <span class='ocrx_word' id='word_1_233' title='bbox 745 2532 909 2609; x_wconf 81' lang='grc' dir='ltr'><strong><em>λεμομενον</em></strong></span> <span class='ocrx_word' id='word_1_234' title='bbox 924 2527 1110 2611; x_wconf 67' lang='lat' dir='ltr'><strong>puppii-icor.</strong></span> <span class='ocrx_word' id='word_1_235' title='bbox 1132 2524 1298 2611; x_wconf 71' lang='lat' dir='ltr'><strong>tauciacus,</strong></span> <span class='ocrx_word' id='word_1_236' title='bbox 1315 2551 1381 2611; x_wconf 82' lang='lat' dir='ltr'><strong>par·</strong></span> 
     </span>
     <span class='ocr_line' id='line_1_29' title="bbox 272 2612 1383 2697; baseline 0.004 -22"><span class='ocrx_word' id='word_1_237' title='bbox 272 2614 338 2675; x_wconf 84' lang='grc' dir='ltr'><strong><em>οολο</em></strong></span> <span class='ocrx_word' id='word_1_238' title='bbox 348 2615 478 2695; x_wconf 83' lang='lat' dir='ltr'><strong>fimbn‘c,</strong></span> <span class='ocrx_word' id='word_1_239' title='bbox 503 2633 605 2695; x_wconf 78' lang='lat' dir='ltr'><strong>porcus</strong></span> <span class='ocrx_word' id='word_1_240' title='bbox 628 2614 723 2680; x_wconf 75' lang='lat' dir='ltr'><strong>tintus</strong></span> <span class='ocrx_word' id='word_1_241' title='bbox 743 2632 790 2672; x_wconf 81' lang='lat' dir='ltr'><strong>seu</strong></span> <span class='ocrx_word' id='word_1_242' title='bbox 812 2614 948 2675; x_wconf 69' lang='lat' dir='ltr'><strong>lentulus.</strong></span> <span class='ocrx_word' id='word_1_243' title='bbox 977 2634 1063 2695; x_wconf 89' lang='lat' dir='ltr'><strong>porro</strong></span> <span class='ocrx_word' id='word_1_244' title='bbox 1086 2635 1105 2677; x_wconf 86' lang='lat' dir='ltr'><strong>a</strong></span> <span class='ocrx_word' id='word_1_245' title='bbox 1127 2620 1214 2697; x_wconf 76' lang='lat' dir='ltr'><strong>tripu</strong></span> <span class='ocrx_word' id='word_1_246' title='bbox 1230 2612 1266 2680; x_wconf 80' lang='lat' dir='ltr'><strong>cd</strong></span> <span class='ocrx_word' id='word_1_247' title='bbox 1281 2612 1383 2696; x_wconf 81' lang='lat' dir='ltr'><strong>impri-</strong></span> 
     </span>
     <span class='ocr_line' id='line_1_30' title="bbox 272 2698 1381 2781; baseline -0.001 -19"><span class='ocrx_word' id='word_1_248' title='bbox 272 2718 340 2763; x_wconf 80' lang='grc' dir='ltr'><strong><em>τιον</em></strong></span> <span class='ocrx_word' id='word_1_249' title='bbox 356 2707 456 2760; x_wconf 90' lang='lat' dir='ltr'><strong>natum</strong></span> <span class='ocrx_word' id='word_1_250' title='bbox 471 2700 588 2759; x_wconf 85' lang='lat' dir='ltr'><strong>videtur·</strong></span> <span class='ocrx_word' id='word_1_251' title='bbox 597 2698 795 2758; x_wconf 85' lang='lat' dir='ltr'><strong>Germanicum</strong></span> <span class='ocrx_word' id='word_1_252' title='bbox 815 2710 872 2759; x_wconf 80' lang='lat' dir='ltr'><strong>rom</strong></span> <span class='ocrx_word' id='word_1_253' title='bbox 884 2718 975 2775; x_wconf 86' lang='lat' dir='ltr'><strong>rcum,</strong></span> <span class='ocrx_word' id='word_1_254' title='bbox 996 2702 1124 2781; x_wconf 75' lang='lat' dir='ltr'><strong>fimbria,</strong></span> <span class='ocrx_word' id='word_1_255' title='bbox 1144 2705 1161 2762; x_wconf 91' lang='grc' dir='ltr'><strong><em>λ</em></strong></span> <span class='ocrx_word' id='word_1_256' title='bbox 1173 2706 1203 2762; x_wconf 83' lang='lat' dir='ltr'><strong>in</strong></span> <span class='ocrx_word' id='word_1_257' title='bbox 1224 2702 1250 2763; x_wconf 82' lang='lat' dir='ltr'><em>S</em></span> <span class='ocrx_word' id='word_1_258' title='bbox 1262 2708 1381 2762; x_wconf 88' lang='lat' dir='ltr'><strong>mutato.</strong></span> 
     </span>
     <span class='ocr_line' id='line_1_31' title="bbox 272 2778 1383 2889; baseline 0.005 -44"><span class='ocrx_word' id='word_1_259' title='bbox 272 2785 426 2847; x_wconf 87' lang='lat' dir='ltr'><strong>Balsamon</strong></span> <span class='ocrx_word' id='word_1_260' title='bbox 444 2787 483 2847; x_wconf 90' lang='lat' dir='ltr'><strong>ad</strong></span> <span class='ocrx_word' id='word_1_261' title='bbox 503 2788 547 2851; x_wconf 78' lang='lat'><strong>27</strong></span> <span class='ocrx_word' id='word_1_262' title='bbox 567 2803 703 2847; x_wconf 83' lang='lat' dir='ltr'><strong>canonem</strong></span> <span class='ocrx_word' id='word_1_263' title='bbox 722 2783 905 2845; x_wconf 89' lang='lat' dir='ltr'><strong>Trullanum:</strong></span> <span class='ocrx_word' id='word_1_264' title='bbox 924 2778 1001 2849; x_wconf 78' lang='lat' dir='ltr'><strong>citici</strong></span> <span class='ocrx_word' id='word_1_265' title='bbox 1023 2782 1061 2849; x_wconf 82' lang='grc' dir='ltr'><strong><em>τολ</em></strong></span> <span class='ocrx_word' id='word_1_266' title='bbox 1077 2790 1229 2869; x_wconf 72' lang='grc' dir='ltr'><strong><em>πολυτελῆ</em></strong></span> <span class='ocrx_word' id='word_1_267' title='bbox 1254 2782 1383 2889; x_wconf 82' lang='grc' dir='ltr'><strong><em>χρυσοΰ·</em></strong></span> 
     </span>
     <span class='ocr_line' id='line_1_32' title="bbox 274 2864 1383 2954; baseline 0.001 -19"><span class='ocrx_word' id='word_1_268' title='bbox 274 2894 376 2951; x_wconf 84' lang='grc' dir='ltr'><strong><em>φαντα</em></strong></span> <span class='ocrx_word' id='word_1_269' title='bbox 398 2866 586 2954; x_wconf 62' lang='lat' dir='ltr'><strong>inspiciuntur</strong></span> <span class='ocrx_word' id='word_1_270' title='bbox 609 2866 646 2933; x_wconf 82' lang='lat' dir='ltr'><strong>soi</strong></span> <span class='ocrx_word' id='word_1_271' title='bbox 668 2872 838 2952; x_wconf 72' lang='grc' dir='ltr'><strong><em>δημοτικοῖς</em></strong></span> <span class='ocrx_word' id='word_1_272' title='bbox 860 2864 1006 2953; x_wconf 78' lang='grc' dir='ltr'><strong><em>λεγόμενα</em></strong></span> <span class='ocrx_word' id='word_1_273' title='bbox 1024 2867 1199 2954; x_wconf 75' lang='grc' dir='ltr'><strong><em>μαργέλλια,</em></strong></span> <span class='ocrx_word' id='word_1_274' title='bbox 1223 2895 1383 2954; x_wconf 78' lang='grc' dir='ltr'><strong><em>νραμματα</em></strong></span> 
     </span>
     <span class='ocr_line' id='line_1_33' title="bbox 273 2951 1383 3038; baseline 0 -19"><span class='ocrx_word' id='word_1_275' title='bbox 273 2955 327 3020; x_wconf 78' lang='grc' dir='ltr'><strong>καλ</strong></span> <span class='ocrx_word' id='word_1_276' title='bbox 342 2951 511 3032; x_wconf 82' lang='grc' dir='ltr'><strong><em>α’ντλττανα,</em></strong></span> <span class='ocrx_word' id='word_1_277' title='bbox 527 2956 578 3020; x_wconf 76' lang='grc' dir='ltr'><strong>καλ</strong></span> <span class='ocrx_word' id='word_1_278' title='bbox 592 2953 630 3019; x_wconf 81' lang='lat' dir='ltr'><strong>roi</strong></span> <span class='ocrx_word' id='word_1_279' title='bbox 641 2953 1067 3038; x_wconf 72' lang='grc' dir='ltr'><strong><em>ἐκκομχτλληςντορφυρλζοντα</em></strong></span> <span class='ocrx_word' id='word_1_280' title='bbox 1089 2956 1199 3038; x_wconf 83' lang='grc' dir='ltr'><strong><em>λμολττα.</em></strong></span> <span class='ocrx_word' id='word_1_281' title='bbox 1226 2964 1383 3037; x_wconf 82' lang='lat' dir='ltr'><strong>grammata</strong></span> 
     </span>
     <span class='ocr_line' id='line_1_34' title="bbox 275 3042 1383 3123; baseline -0.001 -20"><span class='ocrx_word' id='word_1_282' title='bbox 275 3049 302 3103; x_wconf 83' lang='lat' dir='ltr'><strong>et</strong></span> <span class='ocrx_word' id='word_1_283' title='bbox 312 3048 452 3122; x_wconf 73' lang='lat' dir='ltr'><strong>antipatro,</strong></span> <span class='ocrx_word' id='word_1_284' title='bbox 467 3044 550 3119; x_wconf 83' lang='lat' dir='ltr'><strong>quasi</strong></span> <span class='ocrx_word' id='word_1_285' title='bbox 561 3042 650 3123; x_wconf 88' lang='lat' dir='ltr'><strong>panni</strong></span> <span class='ocrx_word' id='word_1_286' title='bbox 664 3043 767 3121; x_wconf 87' lang='lat' dir='ltr'><strong>pannis</strong></span> <span class='ocrx_word' id='word_1_287' title='bbox 782 3042 922 3121; x_wconf 87' lang='lat' dir='ltr'><strong>oppositi,</strong></span> <span class='ocrx_word' id='word_1_288' title='bbox 936 3048 961 3101; x_wconf 87' lang='lat' dir='ltr'><strong>et</strong></span> <span class='ocrx_word' id='word_1_289' title='bbox 973 3061 1109 3122; x_wconf 81' lang='lat' dir='ltr'><strong>purpurea</strong></span> <span class='ocrx_word' id='word_1_290' title='bbox 1124 3046 1288 3107; x_wconf 60' lang='lat' dir='ltr'><strong>casamento.</strong></span> <span class='ocrx_word' id='word_1_291' title='bbox 1310 3048 1383 3122; x_wconf 90' lang='lat' dir='ltr'><strong>puto</strong></span> 
     </span>
     <span class='ocr_line' id='line_1_35' title="bbox 275 3123 1382 3211; baseline 0.001 -25"><span class='ocrx_word' id='word_1_292' title='bbox 275 3127 427 3206; x_wconf 81' lang='lat' dir='ltr'><strong>legendum</strong></span> <span class='ocrx_word' id='word_1_293' title='bbox 442 3124 584 3211; x_wconf 79' lang='lat' dir='ltr'><strong>yoipporu</strong></span> <span class='ocrx_word' id='word_1_294' title='bbox 605 3147 658 3208; x_wconf 90' lang='lat' dir='ltr'><strong>pro</strong></span> <span class='ocrx_word' id='word_1_295' title='bbox 670 3123 848 3209; x_wconf 80' lang='lat' dir='ltr'><strong>ypoippocru:</strong></span> <span class='ocrx_word' id='word_1_296' title='bbox 866 3146 932 3188; x_wconf 84' lang='lat' dir='ltr'><strong>nam</strong></span> <span class='ocrx_word' id='word_1_297' title='bbox 946 3133 1030 3187; x_wconf 70' lang='lat' dir='ltr'><strong>outa</strong></span> <span class='ocrx_word' id='word_1_298' title='bbox 1047 3134 1200 3205; x_wconf 73' lang='lat' dir='ltr'><strong>gcromoioc</strong></span> <span class='ocrx_word' id='word_1_299' title='bbox 1214 3133 1300 3188; x_wconf 88' lang='lat' dir='ltr'><strong>notae</strong></span> <span class='ocrx_word' id='word_1_300' title='bbox 1314 3134 1382 3187; x_wconf 89' lang='lat' dir='ltr'><strong>sunt</strong></span> 
     </span>
     <span class='ocr_line' id='line_1_36' title="bbox 276 3211 1383 3293; baseline 0.003 -22"><span class='ocrx_word' id='word_1_301' title='bbox 276 3214 354 3292; x_wconf 88' lang='lat' dir='ltr'><strong>apud</strong></span> <span class='ocrx_word' id='word_1_302' title='bbox 370 3213 512 3292; x_wconf 87' lang='lat' dir='ltr'><strong>Graecos,</strong></span> <span class='ocrx_word' id='word_1_303' title='bbox 533 3219 563 3272; x_wconf 88' lang='lat' dir='ltr'><strong>et</strong></span> <span class='ocrx_word' id='word_1_304' title='bbox 578 3214 609 3272; x_wconf 87' lang='lat' dir='ltr'><strong>in</strong></span> <span class='ocrx_word' id='word_1_305' title='bbox 627 3212 804 3274; x_wconf 86' lang='lat' dir='ltr'><strong>Balsamonis</strong></span> <span class='ocrx_word' id='word_1_306' title='bbox 816 3212 919 3271; x_wconf 87' lang='lat' dir='ltr'><strong>meleta</strong></span> <span class='ocrx_word' id='word_1_307' title='bbox 936 3214 973 3271; x_wconf 91' lang='lat' dir='ltr'><strong>de</strong></span> <span class='ocrx_word' id='word_1_308' title='bbox 991 3211 1217 3272; x_wconf 82' lang='lat' dir='ltr'><strong>Patriarcharum</strong></span> <span class='ocrx_word' id='word_1_309' title='bbox 1231 3214 1383 3293; x_wconf 82' lang='lat' dir='ltr'><strong>privilegiis</strong></span> 
     </span>
     <span class='ocr_line' id='line_1_37' title="bbox 275 3293 1458 3382; baseline 0.001 -25"><span class='ocrx_word' id='word_1_310' title='bbox 275 3299 365 3360; x_wconf 84' lang='lat' dir='ltr'><strong>babes</strong></span> <span class='ocrx_word' id='word_1_311' title='bbox 382 3294 534 3382; x_wconf 80' lang='grc' dir='ltr'><strong><em>οτιχολριον</em></strong></span> <span class='ocrx_word' id='word_1_312' title='bbox 548 3293 599 3361; x_wconf 78' lang='lat' dir='ltr'><strong>dcci</strong></span> <span class='ocrx_word' id='word_1_313' title='bbox 610 3294 783 3379; x_wconf 79' lang='grc' dir='ltr'><strong><em>γαμμοὶτοον.</em></strong></span> <span class='ocrx_word' id='word_1_314' title='bbox 801 3299 877 3358; x_wconf 88' lang='lat' dir='ltr'><strong>idem</strong></span> <span class='ocrx_word' id='word_1_315' title='bbox 894 3298 1046 3358; x_wconf 86' lang='lat' dir='ltr'><strong>Balsamoa</strong></span> <span class='ocrx_word' id='word_1_316' title='bbox 1064 3300 1102 3357; x_wconf 89' lang='lat' dir='ltr'><strong>ad</strong></span> <span class='ocrx_word' id='word_1_317' title='bbox 1113 3318 1248 3359; x_wconf 86' lang='lat' dir='ltr'><strong>canonem</strong></span> <span class='ocrx_word' id='word_1_318' title='bbox 1261 3304 1301 3365; x_wconf 83' lang='lat'><strong>16</strong></span> <span class='ocrx_word' id='word_1_319' title='bbox 1314 3320 1383 3359; x_wconf 89' lang='lat' dir='ltr'><strong>con·</strong></span> <span class='ocrx_word' id='word_1_320' title='bbox 1456 3371 1458 3379; x_wconf 20' lang='grc' dir='ltr'><strong><em>Α</em></strong></span> 
     </span>
     <span class='ocr_line' id='line_1_38' title="bbox 276 3379 1384 3468; baseline 0.004 -25"><span class='ocrx_word' id='word_1_321' title='bbox 276 3385 332 3444; x_wconf 86' lang='lat' dir='ltr'><strong>cilii</strong></span> <span class='ocrx_word' id='word_1_322' title='bbox 351 3385 481 3463; x_wconf 80' lang='lat' dir='ltr'><strong>septimi,</strong></span> <span class='ocrx_word' id='word_1_323' title='bbox 503 3385 581 3461; x_wconf 93' lang='lat' dir='ltr'><strong>quod</strong></span> <span class='ocrx_word' id='word_1_324' title='bbox 607 3389 653 3443; x_wconf 89' lang='lat' dir='ltr'><strong>est</strong></span> <span class='ocrx_word' id='word_1_325' title='bbox 675 3384 830 3446; x_wconf 87' lang='lat' dir='ltr'><strong>secundum</strong></span> <span class='ocrx_word' id='word_1_326' title='bbox 851 3382 1022 3460; x_wconf 88' lang='lat' dir='ltr'><strong>Nicaenum,</strong></span> <span class='ocrx_word' id='word_1_327' title='bbox 1049 3380 1119 3447; x_wconf 76' lang='grc' dir='ltr'><strong><em>οὕτε</em></strong></span> <span class='ocrx_word' id='word_1_328' title='bbox 1135 3380 1204 3448; x_wconf 75' lang='lat' dir='ltr'><strong>sisoi</strong></span> <span class='ocrx_word' id='word_1_329' title='bbox 1224 3379 1384 3468; x_wconf 76' lang='grc' dir='ltr'><strong><em>ἑτερόχροα</em></strong></span> 
     </span>
     <span class='ocr_line' id='line_1_39' title="bbox 277 3464 1384 3552; baseline -0.002 -18"><span class='ocrx_word' id='word_1_330' title='bbox 277 3468 468 3550; x_wconf 67' lang='grc' dir='ltr'><strong><em>ἔττβλήματα</em></strong></span> <span class='ocrx_word' id='word_1_331' title='bbox 477 3468 697 3550; x_wconf 73' lang='grc' dir='ltr'><strong><em>προσετίθεσαν</em></strong></span> <span class='ocrx_word' id='word_1_332' title='bbox 711 3469 745 3533; x_wconf 76' lang='grc' dir='ltr'><strong><em>ἐν</em></strong></span> <span class='ocrx_word' id='word_1_333' title='bbox 761 3476 824 3543; x_wconf 81' lang='grc' dir='ltr'><strong><em>τοῖς</em></strong></span> <span class='ocrx_word' id='word_1_334' title='bbox 845 3465 952 3549; x_wconf 73' lang='grc' dir='ltr'><strong><em>ἄκροις</em></strong></span> <span class='ocrx_word' id='word_1_335' title='bbox 970 3472 1032 3531; x_wconf 73' lang='grc' dir='ltr'><strong>τῶν</strong></span> <span class='ocrx_word' id='word_1_336' title='bbox 1049 3468 1176 3549; x_wconf 79' lang='grc' dir='ltr'><strong><em>ἱματίων</em></strong></span> <span class='ocrx_word' id='word_1_337' title='bbox 1192 3464 1289 3552; x_wconf 81' lang='grc' dir='ltr'><strong><em>ἤγουν</em></strong></span> <span class='ocrx_word' id='word_1_338' title='bbox 1306 3494 1384 3552; x_wconf 88' lang='grc' dir='ltr'><strong><em>μαρ-</em></strong></span> 
     </span>
     <span class='ocr_line' id='line_1_40' title="bbox 277 3553 1382 3638; baseline -0.002 -22"><span class='ocrx_word' id='word_1_339' title='bbox 277 3553 387 3638; x_wconf 69' lang='lat' dir='ltr'><strong>ptius.</strong></span> <span class='ocrx_word' id='word_1_340' title='bbox 407 3556 455 3617; x_wconf 88' lang='lat' dir='ltr'><strong>ubi</strong></span> <span class='ocrx_word' id='word_1_341' title='bbox 474 3554 654 3615; x_wconf 88' lang='lat' dir='ltr'><strong>doctissimus</strong></span> <span class='ocrx_word' id='word_1_342' title='bbox 666 3555 710 3613; x_wconf 87' lang='lat' dir='ltr'><strong>vir</strong></span> <span class='ocrx_word' id='word_1_343' title='bbox 728 3554 887 3615; x_wconf 84' lang='lat' dir='ltr'><strong>Gentianus</strong></span> <span class='ocrx_word' id='word_1_344' title='bbox 900 3556 1042 3615; x_wconf 87' lang='lat' dir='ltr'><strong>Hervetus</strong></span> <span class='ocrx_word' id='word_1_345' title='bbox 1056 3556 1095 3614; x_wconf 90' lang='lat' dir='ltr'><strong>ad</strong></span> <span class='ocrx_word' id='word_1_346' title='bbox 1109 3556 1264 3633; x_wconf 84' lang='lat' dir='ltr'><strong>marginem</strong></span> <span class='ocrx_word' id='word_1_347' title='bbox 1283 3562 1382 3615; x_wconf 88' lang='lat' dir='ltr'><strong>notat:</strong></span> 
     </span>
     <span class='ocr_line' id='line_1_41' title="bbox 277 3635 1382 3722; baseline 0 -21"><span class='ocrx_word' id='word_1_348' title='bbox 277 3638 421 3722; x_wconf 69' lang='lat' dir='ltr'><strong>puppibus</strong></span> <span class='ocrx_word' id='word_1_349' title='bbox 440 3638 497 3721; x_wconf 84' lang='lat' dir='ltr'><strong>(sic</strong></span> <span class='ocrx_word' id='word_1_350' title='bbox 516 3639 591 3699; x_wconf 87' lang='lat' dir='ltr'><strong>enim</strong></span> <span class='ocrx_word' id='word_1_351' title='bbox 611 3635 722 3718; x_wconf 87' lang='lat' dir='ltr'><strong>scribit)</strong></span> <span class='ocrx_word' id='word_1_352' title='bbox 739 3647 806 3719; x_wconf 83' lang='lat' dir='ltr'><strong>puto</strong></span> <span class='ocrx_word' id='word_1_353' title='bbox 818 3642 919 3701; x_wconf 65' lang='lat' dir='ltr'><strong>dotum</strong></span> <span class='ocrx_word' id='word_1_354' title='bbox 936 3660 990 3701; x_wconf 81' lang='lat' dir='ltr'><strong>erre</strong></span> <span class='ocrx_word' id='word_1_355' title='bbox 1008 3661 1028 3701; x_wconf 88' lang='grc' dir='ltr'><strong><em>ο</em></strong></span> <span class='ocrx_word' id='word_1_356' title='bbox 1047 3641 1175 3715; x_wconf 79' lang='lat' dir='ltr'><strong>Grccm&#39;s,</strong></span> <span class='ocrx_word' id='word_1_357' title='bbox 1195 3648 1321 3721; x_wconf 81' lang='lat' dir='ltr'><strong>corrupto</strong></span> <span class='ocrx_word' id='word_1_358' title='bbox 1337 3642 1382 3701; x_wconf 83' lang='lat' dir='ltr'><strong>di·</strong></span> 
     </span>
     <span class='ocr_line' id='line_1_42' title="bbox 274 3725 1383 3804; baseline 0.001 -19"><span class='ocrx_word' id='word_1_359' title='bbox 274 3730 376 3803; x_wconf 83' lang='lat' dir='ltr'><strong>ctiooe,</strong></span> <span class='ocrx_word' id='word_1_360' title='bbox 399 3728 479 3801; x_wconf 87' lang='lat' dir='ltr'><strong>quasi</strong></span> <span class='ocrx_word' id='word_1_361' title='bbox 499 3725 676 3804; x_wconf 81' lang='lat' dir='ltr'><strong>marginalia.</strong></span> <span class='ocrx_word' id='word_1_362' title='bbox 697 3725 742 3784; x_wconf 86' lang='lat' dir='ltr'><strong>cui</strong></span> <span class='ocrx_word' id='word_1_363' title='bbox 754 3726 929 3787; x_wconf 87' lang='lat' dir='ltr'><strong>coniecturae</strong></span> <span class='ocrx_word' id='word_1_364' title='bbox 948 3726 1017 3804; x_wconf 90' lang='lat' dir='ltr'><strong>quid</strong></span> <span class='ocrx_word' id='word_1_365' title='bbox 1035 3728 1301 3787; x_wconf 83' lang='lat' dir='ltr'><strong>verisimilitudinem</strong></span> <span class='ocrx_word' id='word_1_366' title='bbox 1315 3746 1383 3786; x_wconf 88' lang='lat' dir='ltr'><strong>con-</strong></span> 
     </span>
     <span class='ocr_line' id='line_1_43' title="bbox 275 3811 1383 3891; baseline 0 -20"><span class='ocrx_word' id='word_1_367' title='bbox 275 3812 367 3889; x_wconf 86' lang='lat' dir='ltr'><strong>ciliet,</strong></span> <span class='ocrx_word' id='word_1_368' title='bbox 386 3811 456 3871; x_wconf 83' lang='lat' dir='ltr'><strong>nibil</strong></span> <span class='ocrx_word' id='word_1_369' title='bbox 470 3812 553 3872; x_wconf 88' lang='lat' dir='ltr'><strong>video</strong></span> <span class='ocrx_word' id='word_1_370' title='bbox 570 3816 684 3891; x_wconf 86' lang='lat' dir='ltr'><strong>praeter</strong></span> <span class='ocrx_word' id='word_1_371' title='bbox 703 3811 847 3873; x_wconf 87' lang='lat' dir='ltr'><strong>nominum</strong></span> <span class='ocrx_word' id='word_1_372' title='bbox 861 3814 1004 3891; x_wconf 88' lang='lat' dir='ltr'><strong>quandam</strong></span> <span class='ocrx_word' id='word_1_373' title='bbox 1020 3812 1246 3873; x_wconf 87' lang='lat' dir='ltr'><strong>similitudinem..</strong></span> <span class='ocrx_word' id='word_1_374' title='bbox 1267 3817 1296 3872; x_wconf 91' lang='lat' dir='ltr'><strong>et</strong></span> <span class='ocrx_word' id='word_1_375' title='bbox 1316 3812 1383 3889; x_wconf 90' lang='lat' dir='ltr'><strong>quia</strong></span> 
     </span>
     <span class='ocr_line' id='line_1_44' title="bbox 274 3890 1384 3976; baseline 0 -21"><span class='ocrx_word' id='word_1_376' title='bbox 274 3898 306 3955; x_wconf 89' lang='lat' dir='ltr'><strong>in</strong></span> <span class='ocrx_word' id='word_1_377' title='bbox 326 3897 466 3975; x_wconf 80' lang='lat' dir='ltr'><strong>margellis</strong></span> <span class='ocrx_word' id='word_1_378' title='bbox 493 3904 524 3958; x_wconf 89' lang='lat' dir='ltr'><strong>et</strong></span> <span class='ocrx_word' id='word_1_379' title='bbox 552 3890 702 3976; x_wconf 80' lang='lat' dir='ltr'><strong>margelliis</strong></span> <span class='ocrx_word' id='word_1_380' title='bbox 721 3916 882 3976; x_wconf 80' lang='lat' dir='ltr'><strong>versamur,</strong></span> <span class='ocrx_word' id='word_1_381' title='bbox 918 3899 1041 3958; x_wconf 83' lang='lat' dir='ltr'><strong>Cedreni</strong></span> <span class='ocrx_word' id='word_1_382' title='bbox 1070 3898 1163 3959; x_wconf 89' lang='lat' dir='ltr'><strong>locum</strong></span> <span class='ocrx_word' id='word_1_383' title='bbox 1187 3898 1217 3957; x_wconf 89' lang='lat' dir='ltr'><strong>in</strong></span> <span class='ocrx_word' id='word_1_384' title='bbox 1245 3896 1384 3959; x_wconf 71' lang='lat' dir='ltr'><strong>mucela</strong></span> 
     </span>
    </p>

    <p class='ocr_par' dir='ltr' id='par_1_9' title="bbox 258 3977 1384 4151">
     <span class='ocr_line' id='line_1_45' title="bbox 258 3977 1384 4065; baseline 0 -20"><span class='ocrx_word' id='word_1_385' title='bbox 258 3984 441 4045; x_wconf 42' lang='lat' dir='ltr'><strong>„Stratiotico</strong></span> <span class='ocrx_word' id='word_1_386' title='bbox 451 3985 619 4063; x_wconf 87' lang='lat' dir='ltr'><strong>imperatore</strong></span> <span class='ocrx_word' id='word_1_387' title='bbox 634 3982 825 4043; x_wconf 74' lang='lat' dir='ltr'><strong>adscribamus</strong></span> <span class='ocrx_word' id='word_1_388' title='bbox 843 3989 873 4043; x_wconf 89' lang='lat' dir='ltr'><strong>et</strong></span> <span class='ocrx_word' id='word_1_389' title='bbox 890 3984 1066 4063; x_wconf 84' lang='lat' dir='ltr'><strong>explicemus.</strong></span> <span class='ocrx_word' id='word_1_390' title='bbox 1089 3980 1170 4048; x_wconf 77' lang='grc' dir='ltr'><strong><em>τότε</em></strong></span> <span class='ocrx_word' id='word_1_391' title='bbox 1186 3978 1245 4065; x_wconf 79' lang='grc' dir='ltr'><strong><em>μολρ</em></strong></span> <span class='ocrx_word' id='word_1_392' title='bbox 1263 3977 1384 4065; x_wconf 80' lang='grc' dir='ltr'><strong><em>λεγόμε-</em></strong></span> 
     </span>
     <span class='ocr_line' id='line_1_46' title="bbox 275 4064 1384 4151; baseline -0.002 -18"><span class='ocrx_word' id='word_1_393' title='bbox 275 4092 334 4133; x_wconf 92' lang='grc' dir='ltr'><strong>νον</strong></span> <span class='ocrx_word' id='word_1_394' title='bbox 355 4064 533 4151; x_wconf 76' lang='grc' dir='ltr'><strong><em>στρατήγιον</em></strong></span> <span class='ocrx_word' id='word_1_395' title='bbox 557 4064 824 4149; x_wconf 76' lang='grc' dir='ltr'><strong><em>ἀνακαθαίρεσθαι</em></strong></span> <span class='ocrx_word' id='word_1_396' title='bbox 843 4068 995 4142; x_wconf 73' lang='grc' dir='ltr'><strong><em>ἐκέλευσε,</em></strong></span> <span class='ocrx_word' id='word_1_397' title='bbox 1023 4068 1077 4132; x_wconf 78' lang='grc' dir='ltr'><strong><em>ναὶ</em></strong></span> <span class='ocrx_word' id='word_1_398' title='bbox 1097 4066 1150 4144; x_wconf 74' lang='grc' dir='ltr'><strong><em>τοὶς</em></strong></span> <span class='ocrx_word' id='word_1_399' title='bbox 1169 4072 1231 4131; x_wconf 67' lang='grc' dir='ltr'><strong><em>τοῖν</em></strong></span> <span class='ocrx_word' id='word_1_400' title='bbox 1251 4071 1384 4132; x_wconf 71' lang='grc' dir='ltr'><strong><em>ττολττυῖν</em></strong></span> 
     </span>
    </p>
   </div>
   <div class='ocr_carea' id='block_1_8' title="bbox 155 4148 1395 4258">
    <p class='ocr_par' dir='ltr' id='par_1_10' title="bbox 155 4148 1395 4258">
     <span class='ocr_line' id='line_1_47' title="bbox 155 4148 1395 4258; baseline 0.002 -40"><span class='ocrx_word' id='word_1_401' title='bbox 155 4224 157 4230; x_wconf 53' lang='grc'><em>,</em></span> <span class='ocrx_word' id='word_1_402' title='bbox 275 4150 411 4234; x_wconf 76' lang='grc' dir='ltr'><strong><em>κεφαλὰς</em></strong></span> <span class='ocrx_word' id='word_1_403' title='bbox 422 4153 602 4235; x_wconf 67' lang='lat' dir='ltr'><strong>calcandos,</strong></span> <span class='ocrx_word' id='word_1_404' title='bbox 623 4150 665 4235; x_wconf 75' lang='grc' dir='ltr'><strong>μὴ</strong></span> <span class='ocrx_word' id='word_1_405' title='bbox 678 4150 729 4217; x_wconf 74' lang='lat' dir='ltr'><strong>sisoi</strong></span> <span class='ocrx_word' id='word_1_406' title='bbox 744 4151 926 4258; x_wconf 70' lang='grc' dir='ltr'><strong><em>μραμμολτον</em></strong></span> <span class='ocrx_word' id='word_1_407' title='bbox 945 4154 987 4230; x_wconf 79' lang='grc' dir='ltr'><strong>ολς</strong></span> <span class='ocrx_word' id='word_1_408' title='bbox 1007 4158 1083 4227; x_wconf 78' lang='grc' dir='ltr'><strong><em>νῦν,</em></strong></span> <span class='ocrx_word' id='word_1_409' title='bbox 1103 4148 1175 4217; x_wconf 70' lang='lat' dir='ltr'><strong>ciii-oi</strong></span> <span class='ocrx_word' id='word_1_410' title='bbox 1191 4149 1242 4217; x_wconf 78' lang='lat' dir='ltr'><strong>dcci</strong></span> <span class='ocrx_word' id='word_1_411' title='bbox 1257 4158 1395 4237; x_wconf 79' lang='grc' dir='ltr'><strong><em>μαργελ·.</em></strong></span> 
     </span>
    </p>
   </div>
   <div class='ocr_carea' id='block_1_9' title="bbox 193 4235 1387 4416">
    <p class='ocr_par' dir='ltr' id='par_1_11' title="bbox 193 4235 1387 4416">
     <span class='ocr_line' id='line_1_48' title="bbox 276 4235 1384 4323; baseline -0.005 -20"><span class='ocrx_word' id='word_1_412' title='bbox 276 4238 461 4322; x_wconf 77' lang='grc' dir='ltr'><strong><em>λομρολμμοον</em></strong></span> <span class='ocrx_word' id='word_1_413' title='bbox 481 4235 621 4304; x_wconf 79' lang='grc' dir='ltr'><strong><em>ὅθονλονν</em></strong></span> <span class='ocrx_word' id='word_1_414' title='bbox 648 4238 683 4304; x_wconf 69' lang='grc' dir='ltr'><strong>ἐκ</strong></span> <span class='ocrx_word' id='word_1_415' title='bbox 697 4241 830 4321; x_wconf 52' lang='grc' dir='ltr'><strong>Αβνοοου</strong></span> <span class='ocrx_word' id='word_1_416' title='bbox 858 4243 1019 4323; x_wconf 77' lang='grc' dir='ltr'><strong><em>πορφυροῖς</em></strong></span> <span class='ocrx_word' id='word_1_417' title='bbox 1039 4237 1266 4321; x_wconf 78' lang='grc' dir='ltr'><strong><em>ἕξυφασμένοτν.</em></strong></span> <span class='ocrx_word' id='word_1_418' title='bbox 1303 4242 1384 4301; x_wconf 80' lang='lat' dir='ltr'><strong>iurn&#39;t</strong></span> 
     </span>
     <span class='ocr_line' id='line_1_49' title="bbox 193 4324 1387 4416; baseline 0.001 -29"><span class='ocrx_word' id='word_1_419' title='bbox 193 4393 196 4398; x_wconf 65' lang='grc'>,</span> <span class='ocrx_word' id='word_1_420' title='bbox 277 4325 368 4407; x_wconf 75' lang='grc' dir='ltr'><strong><em>(ἰᾶται</em></strong></span> <span class='ocrx_word' id='word_1_421' title='bbox 389 4324 584 4408; x_wconf 82' lang='lat' dir='ltr'><strong>Stratioticus)</strong></span> <span class='ocrx_word' id='word_1_422' title='bbox 606 4328 755 4408; x_wconf 68' lang='lat' dir='ltr'><strong>expurgari</strong></span> <span class='ocrx_word' id='word_1_423' title='bbox 774 4330 932 4409; x_wconf 72' lang='lat' dir='ltr'><strong>strategium</strong></span> <span class='ocrx_word' id='word_1_424' title='bbox 956 4332 1010 4390; x_wconf 86' lang='lat' dir='ltr'><strong>cto</strong></span> <span class='ocrx_word' id='word_1_425' title='bbox 1033 4333 1061 4391; x_wconf 85' lang='lat' dir='ltr'><strong>ct</strong></span> <span class='ocrx_word' id='word_1_426' title='bbox 1089 4330 1183 4416; x_wconf 83' lang='lat' dir='ltr'><strong>capito</strong></span> <span class='ocrx_word' id='word_1_427' title='bbox 1206 4330 1306 4391; x_wconf 83' lang='lat' dir='ltr'><strong>ciuium</strong></span> <span class='ocrx_word' id='word_1_428' title='bbox 1328 4329 1387 4405; x_wconf 80' lang='lat' dir='ltr'><strong>tegi</strong></span> 
     </span>
    </p>
   </div>
   <div class='ocr_carea' id='block_1_10' title="bbox 0 0 1559 4942">
    <p class='ocr_par' dir='ltr' id='par_1_12' title="bbox 0 0 1559 4942">
     <span class='ocr_line' id='line_1_50' title="bbox 0 0 1559 4942; baseline 0 0"><span class='ocrx_word' id='word_1_429' title='bbox 0 0 1559 4942; x_wconf 95' lang='lat' dir='ltr'><strong> </strong></span> 
     </span>
    </p>
   </div>
  </div>
 </body>
</html>
