3092 4942
547 270 595 339 IN
613 273 764 341 CODINI
785 276 869 347 GAP.
894 277 922 345 1.
1204 284 1276 357 167

181 428 296 499 to'sson.
338 431 470 513 penulam
490 436 537 495 hic
558 437 608 514 qui
627 444 757 518 vertunt,
784 442 803 499 ii
823 443 928 503 trasna
953 449 1028 504 aaut
1070 442 1137 505 nulli
1157 450 1277 529 penulae

180 522 256 580 inter
273 526 368 579 vestes
389 540 482 581 sacras
507 522 585 580 locus
607 530 669 601 est,
698 528 810 585 tametsi
835 548 893 587 non
913 530 1012 605 ignoro
1027 530 1096 605 quid
1118 533 1154 591 de
1173 536 1276 613 penula

182 606 262 684 apud
286 608 317 665 S.
342 606 461 666 Paulum
483 608 565 685 epist.
589 609 667 668 aad
692 609 816 670 Timoth.
844 611 865 675 4
887 615 1013 673 nonnulli
1032 616 1273 697 philosophentur.

182 708 257 766 quac
272 710 339 751 vero
355 690 415 750 eius
434 688 625 768 significarint
646 712 753 754 manaa
765 690 932 773 patrimon,
952 700 1044 775 inquit
1056 702 1169 761 Simeon
1182 703 1274 764 Thes-

180 775 380 854 salonicensis,
403 778 578 837 monumen
604 784 630 835 st
654 798 764 857 superte
787 781 911 843 collatam
937 787 1049 863 apr'rttus
1073 791 1197 847 virtutem
1224 793 1274 851 sub

182 861 298 939 quadarn
314 861 402 939 effigie
420 867 567 935 amaa,
593 864 723 940 inprimis
740 885 847 926 masau
863 888 915 947 quo
927 888 973 946 per
993 870 1134 930 tudanum
1152 874 1273 934 salvator

181 947 292 1005 indutas
306 952 363 1016 αἱς
383 946 482 1005 idcirco
497 952 524 1007 ct
543 949 617 1006 sacci
631 946 751 1026 sorana
769 950 863 1009 tata:
880 970 927 1013 nec
946 956 1015 1013 caia
1037 958 1066 1013 iu
1083 976 1112 1015 co
1130 963 1192 1016 suat
1206 979 1274 1037 quae

180 1031 348 1109 appellantur
367 1032 491 1110 pariata
509 1049 555 1090 seu
576 1036 705 1091 manuae.
747 1029 888 1110 aasabim
908 1038 1090 1115 patriarchica
1111 1046 1141 1098 et
1165 1043 1273 1121 episco-

180 1116 256 1194 palia
268 1117 353 1194 plena
366 1125 448 1174 mant
460 1116 587 1175 crucibus
597 1115 687 1196 (unde
699 1117 769 1195 ipsis
788 1120 968 1201 polystaars’i,
991 1124 1072 1199 quasi
1087 1124 1162 1182 dicas
1179 1128 1273 1188 maitt'·

180 1203 281 1275 amati,
304 1199 486 1281 appellatio),
506 1207 537 1259 et
552 1209 765 1280 repraesentant
779 1224 831 1284 per
851 1210 943 1265 totum
962 1208 1058 1266 orbern
1074 1209 1205 1269 diffusam
1223 1232 1272 1273 ve-

178 1287 319 1345 nerandae
346 1287 434 1349 aucis
459 1286 592 1364 gloriam,
617 1292 651 1344 nt
676 1288 770 1364 inquit
791 1288 940 1349 Balsamon
962 1292 992 1349 in
1020 1293 1215 1355 dissertatione
1234 1299 1271 1357 de

179 1371 398 1451 patriarcharum
413 1371 570 1449 privilegiis.
611 1372 718 1431 formae
730 1378 825 1432 autem
840 1374 1013 1454 triangulae,
1033 1394 1106 1453 qnae
1129 1379 1159 1437 in
1172 1381 1270 1441 iisdem

179 1456 333 1534 phaenohis
349 1457 492 1533 visuntur,
515 1455 659 1515 declarant
684 1458 846 1535 angularem
872 1460 995 1540 lapidem
1020 1462 1163 1523 Christum
1186 1467 1270 1526 deum

178 1548 322 1618 nothum,
344 1542 393 1617 qui
412 1543 551 1601 arunas
563 1542 721 1619 coniunxit,
741 1549 776 1602 ut
793 1544 886 1619 inquit
899 1545 974 1604 idern
993 1546 1150 1607 Balsamon.

261 1625 298 1705 3)
318 1626 532 1704 epitrachelium
574 1627 739 1686 heterodoxi
763 1629 931 1708 interpretes
957 1637 1073 1690 venunt
1097 1634 1193 1693 cdiars
1220 1652 1272 1693 scu

178 1711 331 1771 oasam
356 1714 410 1770 sed
429 1713 460 1769 id
478 1712 559 1771 nimis
579 1714 729 1793 profanum
750 1714 869 1773 ridetnrr.
909 1716 1060 1775 retinemus
1077 1736 1145 1793 ergo
1169 1736 1271 1781 nomen

177 1796 326 1855 Graecum
365 1796 577 1875 epitrachelium,
596 1797 688 1874 inquit
703 1799 835 1877 Simeon,
854 1819 869 1857 c
887 1801 960 1859 casio
975 1801 1165 1861 dsscmdmtem
1184 1807 1269 1880 spiri-

177 1886 246 1941 n'tas
271 1885 390 1957 grainan
414 1884 498 1940 acati
523 1882 641 1947 cubitat.
682 1884 713 1941 ab
739 1884 788 1941 uu
811 1886 880 1943 anim
905 1892 931 1945 et
949 1888 1083 1963 episcopus
1101 1893 1127 1944 ct
1146 1888 1268 1948 sacerdos
1348 1936 1354 1951 .

176 1985 197 2025 a
216 1970 303 2045 capite
320 1967 391 2025 ilircd
405 1967 514 2025 uacua
527 1966 694 2025 “bencdm
706 1968 788 2025 Μ’
806 1971 911 2047 inquit,
930 1971 999 2047 “qui
1016 1970 1131 2047 effundit
1147 1975 1268 2047 grabam

177 2070 253 2128 nuper
264 2052 409 2111 sacadotcs
424 2051 514 2110 aaa?
553 2051 623 2110 ratde
638 2072 667 2110 eo
682 2052 791 2129 quilibet
809 2054 932 2113 sacerdos
945 2058 1046 2129 utitur,
1067 2058 1273 2134 quotiescunque

177 2138 322 2215 sacnflcat.
363 2136 520 2195 Germanus
529 2135 560 2194 in
574 2156 628 2195 sua
639 2137 749 2196 theoria
759 2155 852 2195 rerum
866 2138 1126 2197 coclesiastioarum:
1145 2139 1269 2199 dostram

172 2227 279 2300 parton
300 2222 466 2299 patracbdtt
489 2223 627 2301 signficant
651 2220 754 2281 mando
776 2222 888 2283 ludibrii
912 2228 1006 2299 gratio
1027 2224 1149 2283 dcataas
1169 2223 1272 2285 Christi

176 2304 259 2377 datm·
279 2308 414 2365 antibasis
440 2312 544 2385 partem
564 2307 669 2366 tbdicat
696 2310 785 2366 ornas
814 2309 846 2366 in
868 2312 987 2387 propriis
1006 2308 1119 2368 humais
1142 2313 1271 2386 gestatio.

177 2390 397 2471 epitrachelium,
418 2392 511 2467 inquit
530 2390 695 2468 Balsamon,
720 2392 859 2470 significat
880 2392 965 2451 tuan
990 2394 1058 2453 iliad
1078 2414 1130 2473 quo
1148 2396 1209 2453 uita
1231 2394 1270 2455 aa

177 2483 282 2535 aaron
297 2482 388 2536 boas
407 2483 454 2535 art.
497 2477 575 2551 quod
599 2481 694 2535 autem
720 2476 860 2534 Meursius
884 2478 1015 2555 opinatur
1040 2473 1076 2540 ad
1095 2474 1270 2557 inauditos

176 2578 238 2618 esse
262 2557 296 2623 usi
318 2556 542 2641 ἕπιτραχήλιον,
569 2561 600 2618 id
623 2557 735 2619 dffiale
752 2562 862 2619 creditu
878 2562 932 2622 erit
950 2563 1003 2621 illis
1024 2564 1073 2639 qui
1092 2558 1127 2624 ao*
1144 2558 1269 2643 tampsi·

177 2645 244 2708 duos
266 2646 382 2725 propius
399 2648 438 2705 ad
454 2638 630 2727 oipoaiouov
640 2665 725 2721 quam
736 2648 775 2704 ad
790 2643 1000 2727 ἐπιτραχήλιον
1010 2648 1140 2705 accedere
1154 2654 1267 2707 norant.

260 2728 295 2809 4)
310 2732 437 2790 orarium.
479 2731 607 2802 &neonus
620 2732 769 2807 angelicum
786 2734 893 2791 condus
908 2732 1031 2807 adinan,
1044 2732 1136 2807 inquit
1146 2732 1271 2811 Simeon,

76 2810 84 2894 J
170 2814 274 2893 sertin
294 2816 407 2876 nausa
422 2816 493 2895 prod
509 2809 644 2897 ro’oaipsov
668 2818 820 2888 neminum,
842 2815 911 2895 quod
932 2818 1012 2894 qnasi
1032 2817 1094 2875 aios
1113 2817 1207 2890 hoba,
1235 2822 1269 2875 ut

174 2900 279 2959 illorum
297 2903 454 2978 spirituum,
474 2920 528 2981 qna
542 2906 695 2979 praestant,
714 2900 905 2977 intelb'gartiae
926 2901 1083 2959 ostentatam
1103 2900 1267 2965 demonstret.

175 3003 258 3062 quare
270 2990 297 3042 et
310 2985 447 3046 Giensbirn
454 2986 546 3065 sactes
559 2986 706 3043 ouuuuaa
717 2988 842 3061 imitans,
862 2987 918 3062 ipse
931 3004 1046 3063 quoquc,
1062 2984 1125 3043 dun
1136 2986 1267 3060 cingitur,

175 3069 362 3147 quodamnodo
383 3076 417 3131 ut
435 3074 477 3130 asi
494 3070 602 3129 Mace
619 3074 750 3148 particeps
769 3075 795 3128 ct
815 3068 968 3127 administer
985 3066 1115 3146 suturas,
1142 3071 1266 3145 aperitur.

174 3156 204 3211 in
217 3156 275 3231 ipso
286 3157 349 3213 itaut
362 3158 449 3214 uario
463 3159 578 3213 sanctus
589 3160 704 3213 sanctus
716 3160 830 3211 sanans
845 3157 972 3235 comptum
989 3158 1043 3228 est,
1066 3172 1117 3231 quo
1129 3156 1265 3213 ninistra-

174 3241 259 3295 ton‘ns
283 3244 432 3299 sanctornm
455 3239 610 3315 angelorum
627 3239 689 3297 ado
711 3242 876 3316 exprimitur.
917 3238 1082 3319 gestabatur
1102 3240 1217 3297 uarium
1236 3238 1266 3297 in

173 3322 289 3381 sinistro
312 3324 435 3383 humero.
476 3326 507 3382 S.
533 3324 752 3400 chrysostomus
779 3323 809 3381 in
831 3320 973 3401 Liturgia:
1000 3317 1034 3384 τὸ
1062 3318 1117 3402 μὲν
1135 3315 1268 3403 donintona

175 3400 386 3487 ἀσπασάμενος
410 3408 562 3487 ἐπιτίθησι
582 3413 625 3492 aqi
644 3402 789 3491 ἀριστερῷ
810 3404 893 3487 o'ipqs·
934 3404 1054 3483 liginum
1072 3406 1181 3465 diaconi
1202 3426 1266 3467 ora-

119 3533 129 3558 n
173 3494 243 3551 rina
260 3495 400 3570 portantis
414 3494 501 3552 habes
513 3494 593 3552 initio
608 3493 753 3571 Gregoras
768 3512 787 3551 a
801 3488 904 3553 Wolfio
917 3492 992 3551 editi.
1013 3566 1017 3573 .
1035 3510 1127 3572 apage
1140 3490 1201 3549 illos
1217 3491 1266 3567 qni

174 3575 228 3634 hoo
248 3580 368 3637 orarium
380 3577 480 3639 volrrnt
492 3598 557 3638 esse
574 3577 729 3659 ἐκμαγεῖον
745 3580 801 3638 τοῦ
818 3572 998 3658 προσώπου,
1018 3576 1156 3635 adortum
1169 3575 1268 3635 sudori

172 3661 373 3741 abstergendo,
387 3662 439 3725 sal
452 3658 680 3744 χειρόμακτρον,
700 3662 827 3720 manibus
841 3662 995 3741 purgandis
1016 3667 1046 3719 et
1060 3661 1264 3737 abstergendis.

172 3746 232 3804 sint
251 3749 325 3807 enim
343 3752 433 3808 narra
450 3749 576 3828 profanis
591 3747 774 3828 scriptoribus
792 3766 828 3807 ea
847 3764 920 3822 quae
937 3745 1077 3805 Arnobius
1093 3752 1177 3804 vocat
1193 3764 1266 3805 mus·
1336 3762 1344 3779 ¹·

171 3833 259 3907 aaa,
277 3833 333 3891 hoc
350 3839 396 3893 est
409 3834 497 3892 lintea
516 3834 637 3911 minuta,
659 3832 761 3908 quibus
785 3836 815 3891 et
835 3848 931 3889 munus
946 3831 1054 3889 narium
1075 3835 1105 3889 et
1124 3831 1211 3889 sudor
1230 3848 1266 3889 ex

172 3915 252 3975 vultu
279 3936 396 3976 manans
417 3917 606 3995 abstergitur,
635 3922 722 3997 prout
749 3916 865 3994 copiose
883 3916 1010 3989 ¹ostendit
1029 3915 1215 3975 casaubonus
1235 3914 1266 3973 in

171 4001 249 4059 notis
267 4004 306 4060 ad
321 4002 447 4062 Flavium
466 4002 632 4081 Vopiscmn:
650 4002 681 4059 in
702 4000 819 4059 ecclesia
836 4006 932 4059 tamen
950 3999 1071 4061 orarium
1092 4018 1173 4059 sacra
1191 3998 1267 4057 stola
1354 4060 1356 4065 ,

171 4092 249 4163 erat,
268 4093 299 4146 et
311 4086 390 4147 nullo
401 4087 487 4147 modo
504 4105 523 4146 a
539 4088 656 4145 diacono
671 4085 816 4143 induenda
830 4085 874 4142 vel
890 4086 1005 4144 terenda
1015 4090 1048 4143 ut
1062 4084 1165 4143 sudarii
1177 4084 1264 4142 vicem
1280 4076 1304 4132 P
1321 4078 1372 4137 188

169 4169 287 4231 sabina.
329 4173 393 4248 quis
409 4192 478 4251 ergo
497 4172 557 4231 eins
570 4170 663 4229 usust
690 4190 749 4229 non
771 4170 894 4228 omnium
908 4170 1028 4229 vestium
1044 4187 1185 4229 sacrarum
1197 4186 1266 4226 usus

170 4257 360 4332 exquirendus
374 4263 435 4317 est:
459 4259 562 4319 sufficit
581 4274 679 4318 omnes
697 4256 827 4315 inventas
843 4261 873 4313 et
892 4255 1066 4315 introductas
1081 4273 1145 4313 esse
1163 4254 1201 4315 ad
1219 4272 1266 4314 or-
