3092 4942
262 303 335 376 160
420 298 630 370 GRETSERI
640 297 697 366 ET
711 295 842 366 Gonni
855 295 1184 366 COMMENTARIUS

257 483 308 527 cur
326 461 453 525 Codinus
465 481 553 523 unum
569 462 707 524 duntaxat
723 460 871 523 nominati
890 479 927 522 an
942 481 1030 522 unum
1044 463 1213 552 nominando
1228 460 1351 540 reliquos

256 547 464 626 subintelligit?
482 567 521 610 an
534 551 590 609 iste
609 542 798 609 chartularius
807 548 855 625 qui
870 548 901 606 in
913 565 989 606 nona
1003 551 1141 627 pentade,
1162 549 1285 608 diversus
1305 553 1351 608 est

256 655 277 696 u
299 634 472 696 churhdafiis
494 653 615 713 magnae
635 632 767 711 secellae,
795 632 997 713 sceuophylacii
1022 633 1089 694 etet
1115 634 1168 694 sed
1187 634 1264 708 quod
1288 633 1351 694 offi-

256 719 353 781 cium‘l
370 719 465 778 lunius
475 721 617 801 expedite:
638 721 745 778 utinam
756 735 830 778 vere.
854 716 873 782 d
881 713 1093 799 χαρτονλᾶρνος
1106 719 1274 798 quipublicts
1289 719 1353 778 tite-

257 809 298 865 ris
318 805 418 864 tabulis
438 808 669 882 instrumentisque
690 802 816 862 curandis
838 808 865 860 ct
882 803 1059 862 retractandis
1078 807 1236 862 comtitutus
1254 807 1301 862 cst.
1321 807 1353 862 ut

256 889 313 951 hoc
325 890 446 950 officium
458 892 581 968 pertinet
592 890 631 948 ad
648 886 891 964 chartophylacem
907 887 1024 968 eiusque
1043 887 1224 946 chartularios
1239 906 1290 946 seu
1301 887 1353 946 ad-

258 975 417 1054 ministros,
444 975 513 1036 item
531 975 571 1034 ud
587 972 811 1054 protonotarium
834 976 864 1030 et
884 971 993 1032 similes.
1021 989 1059 1030 an
1088 973 1271 1032 chartularius
1299 971 1353 1030 iste

258 1061 334 1121 inter
357 1059 474 1119 lectores
492 1059 631 1139 peculiare
646 1058 781 1138 quiddam
796 1056 956 1133 obtinebat,
973 1057 1083 1118 ratione
1103 1059 1181 1118 cuius
1197 1055 1355 1138 chartularii

261 1164 367 1204 nomeu
375 1144 539 1224 acceperati
1414 1166 1419 1176 ·

332 1284 519 1354 Rogistrorum,
533 1281 687 1349 chmtsrum,
706 1278 878 1332 codicillorum
894 1293 958 1332 onus
975 1277 1026 1332 sihi
1034 1277 1176 1350 inpositum
1186 1279 1295 1336 rdsolo
1307 1297 1357 1334 no·
1416 1287 1420 1294 ’

263 1352 332 1408 mine
342 1353 507 1405 chartularius
523 1350 633 1404 indicate
657 1366 763 1418 quorum
781 1365 843 1400 vero
860 1349 1092 1401 commentariorum
1111 1365 1195 1404 ouran
1214 1351 1358 1419 susceperit

263 1423 307 1476 htc
319 1421 451 1491 privatim,
470 1437 503 1473 ex
522 1420 642 1489 generice
651 1417 824 1500 communique
836 1433 901 1469 voce
910 1433 961 1469 non
972 1417 1049 1470 tacite
1062 1417 1240 1486 assignaveris.
1274 1417 1358 1470 sacel-

263 1489 330 1544 lario
349 1495 376 1543 et
391 1506 527 1543 oeconomo
544 1488 644 1559 puriter
660 1485 766 1554 legimus
782 1503 809 1538 ru
820 1485 994 1555 superioribus
1011 1486 1188 1538 chartularium
1205 1485 1359 1552 adiunctum,

262 1557 374 1622 laboris,
395 1565 426 1611 ut
442 1559 479 1612 sit
498 1557 647 1622 Balsamom
675 1551 872 1624 supposuerim
893 1553 935 1608 tric
951 1571 1014 1607 vero
1031 1554 1142 1608 lectores
1159 1555 1227 1608 inter
1247 1559 1275 1608 et
1295 1571 1359 1608 cau-
1426 1617 1430 1624 Ι

263 1632 336 1680 tores
357 1628 497 1681 recensitus
521 1623 707 1680 commentariis
725 1630 754 1676 et
769 1621 895 1677 memoriis
913 1641 963 1674 non
984 1622 1100 1692 invigilat
1118 1623 1174 1677 eliis
1198 1639 1273 1693 quem
1292 1639 1360 1692 quse

264 1695 376 1750 lectores
395 1702 423 1749 et
438 1702 556 1778 cantores
565 1695 682 1778 decent,
698 1691 877 1745 ecclesiacticis
887 1691 1006 1744 videlicet
1020 1691 1280 1776 libris-proferendis,
1292 1708 1359 1761 quo·
1419 1701 1421 1704 ’

265 1781 324 1888 ii?
333 1761 1360 1901 diremtumtt‘ftlltttattenuatasestut}

266 1901 309 1954 cui
330 1918 381 1954 uon
401 1901 517 1971 displicet
533 1906 700 1953 memoratum
720 1899 754 1951 ab
770 1897 903 1951 Allutimis
918 1897 1040 1954 dcccnum
1056 1915 1112 1952 eum
1128 1897 1280 1952 chartulario
1298 1915 1360 1951 oon-

265 1968 383 2026 mutere.
417 1965 579 2037 ὄδενανός,
593 1969 711 2038 inquiunt
724 1967 785 2032 illu,
801 1955 894 2020 rdsss‘c
903 1962 969 2028 rods
984 1963 1066 2032 ἷεςεῖς
1081 1961 1113 2022 ἐν
1128 1971 1187 2029 τοῖς
1202 1961 1216 2020 l
1234 1962 1361 2036 χομὲνοις

266 2034 361 2092 siccis
377 2034 552 2106 διναιόμασι.
588 2054 702 2091 mersurus
720 2030 865 2098 ὄδενανὸς
878 2034 927 2088 ἵνα
938 2036 1009 2106 καλῇ
1024 2031 1090 2099 τούς
1101 2029 1184 2099 ἱερεῖς
1199 1985 1240 2098 εἷς
1255 2031 1290 2088 col
1309 2031 1360 2088 cei-

265 2108 323 2163 ro'rs
339 2105 515 2174 δικαιώματα
533 2103 582 2159 sul
597 2100 820 2174 προσφνρὲματα.
854 2105 955 2174 quanda
975 2121 1038 2156 vero
1056 2106 1153 2158 tubulis
1177 2105 1271 2158 chartis
1287 2104 1361 2157 codi-
1422 2109 1424 2120 “

267 2175 334 2228 cittis
349 2181 376 2228 et
393 2176 498 2246 scriptis
513 2175 670 2242 ratiociniis,
693 2175 786 2243 quibus
803 2173 937 2226 attendere
955 2173 1022 2226 solet
1040 2173 1222 2240 chartdarins,
1238 2184 1303 2244 epus
1318 2171 1362 2241 sit,

268 2243 348 2300 edam
357 2243 398 2298 ris
408 2243 588 2313 integerrimus
600 2242 770 2296 audentius
779 2241 990 2311 fidelissimaeque
998 2242 1136 2297 nomadas
1144 2243 1249 2299 iotetru.

353 2369 433 2431 luter
445 2372 598 2450 dignitates
612 2370 750 2450 palatim
763 2373 809 2428 est
830 2367 852 2432 d
868 2366 958 2454 μέγας
975 2369 1164 2432 auruleus.
1186 2373 1250 2450 quis
1267 2371 1361 2450 fuerit,

268 2455 355 2516 docet
375 2455 503 2516 Zonaras
523 2458 554 2516 in
575 2455 673 2517 Leone
699 2455 836 2514 manco:
864 2453 883 2518 ό
903 2459 965 2516 τῶν
995 2456 1158 2536 βασιλικῶν
1184 2455 1363 2538 ἱπποκόμων

266 2540 450 2617 ἕκαστοντῶν,
467 2543 621 2621 praefectus
634 2543 810 2618 imperatoriis
822 2541 995 2618 suasoribus.
1015 2542 1182 2619 pertinuisse
1196 2537 1362 2621 agnetem

267 2624 341 2686 h'anc
358 2626 396 2686 ad
413 2645 507 2685 curam
516 2627 620 2687 stabuli
632 2626 702 2702 regii
715 2625 799 2684 docet
819 2624 880 2702 ipse
893 2624 1035 2703 Codinus,
1055 2645 1155 2686 munus
1173 2631 1270 2706 magni
1282 2629 1362 2688 char-

268 2710 363 2772 tularii
382 2710 523 2788 explicans
542 2732 566 2772 c
585 2713 614 2777 5.
639 2712 694 2770 ruit
713 2711 787 2771 iuter
798 2709 927 2768 militaria
936 2711 1026 2770 officia
1035 2712 1225 2774 chartularius.
1239 2715 1269 2774 id
1281 2713 1363 2788 liqui-
1408 2761 1409 2764 ,

268 2795 338 2854 dum
350 2814 385 2856 ex
397 2795 495 2856 Leone
507 2798 689 2876 imperatore,
710 2796 759 2872 qui
780 2795 883 2854 diuum
907 2797 991 2854 tertia
1004 2816 1066 2854 cum
1088 2800 1281 2875 protonotario
1301 2799 1363 2858 the-

271 2881 356 2940 mah‘s
373 2886 404 2940 et
420 2901 484 2940 cum
498 2887 627 2960 praetore
639 2883 698 2940 sire
717 2879 808 2938 iudice
821 2880 951 2940 thematis
964 2888 1092 2942 nonest
1115 2902 1228 2961 quoque
1251 2885 1364 2944 chartu-

272 2963 373 3028 lurium
390 2963 537 3044 thematis,
559 2985 643 3043 quem
659 2965 843 3026 conatuum
862 2966 930 3026 dicit
948 2962 1020 3045 mode
1034 2962 1091 3046 τὴν
1104 2971 1160 3030 ταῦ
1174 2974 1302 3050 στρατοῦ
1312 2992 1366 3030 να·
1441 3013 1443 3019 -

271 3048 432 3132 ταγραφὴν
445 3050 497 3114 cul
516 3049 717 3132 ἀναζήτησιν,
735 3050 902 3110 duaitmdo
921 3055 950 3110 ‘et
968 3051 1116 3112 rocceio
1135 3058 1271 3114 mosaici.
1300 3055 1365 3112 vide

271 3132 428 3212 Rigaltium
440 3138 526 3196 verbo
538 3139 740 3216 pramotarius.
761 3136 810 3210 qui
824 3137 882 3196 sint
895 3136 1008 3196 lorriaco
1024 3137 1196 3212 chartularii,
1216 3135 1305 3197 disces
1327 3136 1370 3198 ex*
1386 3193 1391 3200 .

274 3219 389 3278 Cuiacio
405 3221 553 3281 Obserrat.
564 3221 586 3284 4
598 3223 629 3288 5.
650 3222 715 3280 vide
731 3221 853 3282 eundem
871 3222 908 3284 de
928 3221 1153 3286 manumisso
1171 3223 1217 3284 lih.
1241 3225 1281 3288 10
1300 3224 1366 3284 cod.

270 3301 371 3375 lustin.
386 3305 430 3367 tit.
449 3307 491 3373 23
509 3305 802 3374 etmaalibmee.
857 3343 860 3347 ·

357 3449 387 3508 p.
402 3433 422 3494 6
435 3447 462 3489 r.
478 3429 526 3494 18.
554 3429 683 3492 Tertium
694 3431 785 3490 locum
796 3430 904 3491 obtinet
918 3429 937 3497 ὅ
949 3423 1118 3515 dsuopoirog.
1131 3433 1237 3494 Citrius
1249 3452 1366 3494 numero

271 3512 457 3574 multitudiu'u
471 3510 636 3578 decoriter.
655 3523 792 3593 quantum
805 3535 925 3577 errorem
939 3517 1034 3577 lunius
1049 3521 1216 3579 commiserit
1228 3519 1276 3582 iol.
1294 3515 1366 3596 194,

272 3602 407 3679 deceptus
427 3599 547 3659 lectione
566 3600 654 3678 luha,
681 3620 766 3676 quam
791 3602 871 3661 facile
895 3605 1042 3662 emendare
1068 3611 1197 3684 poterat,
1223 3607 1279 3664 ium
1301 3604 1367 3662 alibi
1395 3619 1397 3635 ¹

130 3746 134 3752 ,
163 3690 188 3747 Ρ
204 3689 256 3750 178
271 3685 378 3745 dictum
395 3691 440 3744 est
456 3683 510 3766 (ud
525 3703 557 3765 p.
571 3689 613 3749 98
631 3680 696 3766 22)
715 3687 745 3743 in
758 3686 871 3754 scholiis
890 3707 948 3747 non
964 3691 1056 3748 minus
1073 3691 1184 3770 ineptit
1207 3687 1223 3753 ὅ
1243 3683 1368 3752 denosci-

270 3791 339 3846 τος,
365 3771 489 3841 teter,
516 3771 680 3830 chartulario
709 3770 851 3830 adiunctus
875 3767 1090 3857 ἀντιγραφαῖς,
1121 3795 1195 3856 paen
1219 3777 1316 3852 uulgo,
1335 3779 1369 3832 ut

271 3853 401 3916 Budaeus
424 3855 557 3933 hesim,
584 3857 843 3916 cmhmotulotorem
869 3865 973 3919 oocmd.
1000 3861 1148 3939 praeclare.
1180 3861 1291 3918 iuterim
1314 3877 1368 3916 nos

271 3941 418 4000 credamus
442 3940 549 4018 Citrio,
576 3942 626 4016 qui
649 3942 771 4022 deputati
790 3938 892 4000 munus
909 3962 967 4002 non
985 3947 1201 4005 numeretinter
1216 3946 1321 4023 officia,
1338 3944 1369 4002 in

84 4074 88 4083 .
272 4041 332 4102 quo
352 4044 370 4084 a
390 4026 504 4085 Codiso
523 4025 670 4104 dissentit,
695 4029 748 4086 sed
777 4025 851 4086 inter
875 4028 1033 4105 διακονίας
1056 4049 1107 4090 scu
1131 4031 1291 4090 ministeria.
1317 4030 1370 4087 sed
1441 4081 1443 4086 .

152 4131 174 4147 ··
274 4110 408 4187 quiequid
431 4112 470 4172 sit
491 4111 528 4170 de
554 4110 624 4193 hoe,
648 4114 727 4188 quod
752 4113 953 4192 deputaturum
973 4135 1074 4174 munus
1093 4121 1184 4194 esset,
1212 4114 1255 4174 his
1277 4113 1370 4174 verbis

277 4197 377 4255 docet:
405 4197 439 4261 oi
455 4191 612 4261 demesticos
632 4194 666 4259 dl
688 4199 972 4283 μανὸνοφοροῦντες
989 4196 1061 4282 μετὰ
1078 4195 1241 4281 λαμπάδων
1254 4221 1372 4282 προπο-

278 4277 420 4364 ordosrcs
434 4285 490 4348 roi
507 4304 538 4347 cs
555 4281 645 4366 αἰγέαν
657 4277 846 4367 ἐπαγγελίαν,
866 4280 956 4350 ὁπότε
969 4278 1150 4371 ἀναφέρεται
1174 4285 1217 4359 εἰς
1237 4280 1292 4348 τὸν
1314 4277 1372 4364 ipe
