3092 4942
378 1087 713 1162 EltllNENTISSIMO
730 1091 764 1161 S.
777 1093 818 1164 R.
832 1092 868 1161 ll.
882 1027 1064 1163 rnmcnl

170 1280 669 1392 MIGHAELI
718 1286 1271 1423 ΜΑΖΑΒΙΝΟ,

274 1521 628 1616 nonnosum
668 1495 1183 1607 nncururuscono'

631 1786 766 1800 —oe---b—
780 1795 804 1800 ...
824 1795 839 1800 .-

172 1975 310 2113 Quanto
328 2013 418 2094 magis
438 2013 547 2074 aemula
568 2013 739 2074 Graecarum
753 2015 846 2091 Gallia
867 2017 1026 2094 literarum,
1049 2016 1275 2076 Eminentissime

172 2115 345 2195 cardinalis,
370 2117 511 2198 primaeva
523 2135 581 2174 nou
594 2115 707 2175 inferior
716 2097 838 2197 pietate,
863 2120 971 2198 imperii
985 2117 1124 2196 dignitate
1135 2135 1210 2176 nnuc
1223 2137 1276 2196 po-

171 2221 245 2298 tior,
269 2224 351 2280 tanto
367 2219 420 2278 sibi
435 2215 554 2276 Graecia
566 2218 700 2296 pristinae
713 2221 877 2279 eruditionis
892 2221 1034 2300 religionis
1049 2218 1203 2278 maiestatis
1215 2237 1275 2278 me-

171 2340 234 2381 mor
248 2321 359 2397 quaerit
371 2319 514 2379 ardentius
529 2319 637 2378 Galliae
650 2323 834 2400 praesidium3
861 2330 892 2382 et
912 2342 970 2400 qno
989 2321 1181 2383 vehementius
1199 2319 1276 2380 Galli

171 2443 301 2518 proceres
321 2423 474 2542 sapientiae
491 2419 669 2481 Athenaeum
690 2423 833 2502 ambiunt,
864 2444 900 2484 eo
922 2424 1020 2484 maiori
1038 2424 1126 2502 gestit
1144 2422 1276 2480 ubertate

171 2511 337 2604 gaudiorum
350 2497 476 2583 Codinbs
498 2519 675 2600 σοφωτάτου
694 2542 797 2584 nornen
819 2527 940 2607 adeptum
952 2545 1034 2586 suum
1047 2526 1101 2585 boc
1115 2526 1151 2583 de
1165 2523 1276 2582 Officiis

171 2625 364 2686 ecclesiasticis
379 2631 410 2684 et
426 2624 559 2704 palatinis
573 2643 644 2704 opus
658 2626 776 2685 aGallis
792 2635 907 2688 aeterua
924 2629 1133 2688 consecratione
1143 2625 1274 2684 dedicari.

171 2735 252 2788 extra
271 2728 408 2807 patriam,
434 2727 500 2786 licet
515 2746 572 2786 non
589 2729 721 2806 ignotus,
744 2747 838 2790 errare
850 2731 1009 2808 videretur,
1029 2731 1059 2788 ni
1079 2730 1186 2809 patrios
1204 2747 1273 2786 snos

172 2831 371 2890 ecclesiasticos
385 2847 514 2909 proceres
527 2829 557 2888 in
569 2831 719 2888 sacrarium
733 2830 828 2891 Tuum
846 2833 997 2912 reciperet,
1020 2831 1125 2891 aulicos
1144 2831 1175 2888 in
1194 2829 1273 2908 pala-

172 2935 244 2992 tium
263 2933 423 3010 induceret,
456 2933 563 3009 inquo
584 2934 675 2992 eritne
694 2934 836 3013 religioni,
865 2933 947 2992 simul
967 2952 1001 2991 ac
1017 2933 1112 3009 regiae
1133 2929 1275 2988 maiestati

173 3036 270 3094 sedem
283 3037 403 3114 pararet.
436 3033 581 3092 albicantis
596 3036 650 3094 sub
664 3036 729 3096 Tua
742 3055 868 3117 purpura
878 3035 966 3093 vestis
979 3035 1102 3092 candore
1113 3037 1273 3109 perspecto,

172 3137 301 3195 intimum
315 3135 399 3194 animi
412 3132 469 3193 Tui
485 3135 635 3202 eandorem
647 3141 766 3199 coniecit
780 3158 832 3198 nec
852 3137 986 3213 imparem
1006 3132 1172 3192 eminentiae
1190 3131 1273 3190 nobi-

171 3235 295 3310 litatem3
334 3236 576 3314 patriarchamque
595 3260 676 3300 snum
700 3261 764 3300 cum
787 3238 918 3298 ecclesiae
945 3255 1065 3321 magnae
1092 3234 1275 3314 optimatibus

172 3339 270 3414 modo,
283 3355 346 3396 cum
359 3356 411 3398 nec
424 3338 504 3418 luget
517 3359 569 3400 nec
580 3341 685 3400 ieiunat
694 3343 751 3419 illa,
767 3341 887 3400 candido
897 3338 990 3398 colore
999 3337 1163 3416 fulgentem,
1178 3336 1275 3413 modo,

137 3485 142 3497 ,
174 3439 200 3497 si
213 3439 317 3497 luctum
338 3439 382 3497 vel
398 3441 529 3501 ieiunium
544 3443 689 3520 indixerit,
716 3461 857 3522 purpureo
873 3460 1034 3517 coruscum,
1058 3439 1188 3498 insacris
1201 3437 1274 3495 Tuis
1393 3502 1397 3506 Α

174 3539 290 3597 aedibus
306 3538 351 3598 Te
371 3541 478 3618 colere3
500 3545 696 3624 imperatorem
716 3565 784 3606 vero
800 3543 894 3603 curiali
906 3563 960 3601 suo
977 3542 1112 3601 comitatu
1127 3542 1274 3620 stipatum,

172 3659 289 3699 aureum
311 3645 438 3717 quamvis
461 3649 491 3704 et
514 3644 685 3726 purpureum
705 3649 910 3724 undequaque,
950 3644 975 3702 si
998 3643 1173 3702 maiestatem
1196 3640 1274 3700 nullo

172 3761 299 3801 maerore
313 3743 503 3807 obnubilatam
516 3749 657 3828 proferat,
683 3749 809 3808 candidis
827 3745 1062 3806 continuantibus
1076 3745 1221 3821 amictum,
1247 3745 1274 3801 si

173 3847 279 3905 luctum
302 3853 443 3926 testetur,
481 3850 526 3910 Te
544 3851 670 3909 venerari
690 3857 721 3910 et
741 3851 771 3908 in
792 3849 880 3910 musei
894 3847 952 3906 Tui
970 3848 1119 3907 secretiore
1136 3845 1273 3926 penetrali

174 3949 248 4008 Tuis
269 3949 387 4028 pedibus
408 3951 518 4011 advolvi
531 3959 657 4032 exoptat,
680 3960 711 4011 et
724 3971 799 4011 nnnc
811 3951 914 4011 amisso
927 3951 1054 4029 imperio,
1076 3950 1114 4007 ad
1132 3947 1273 4008 felicitatis

174 4055 348 4131 reparandae
368 4073 468 4133 omen,
497 4054 660 4134 priusquam
676 4056 778 4112 iterato
800 4073 831 4112 se
851 4051 994 4131 proferat,
1020 4053 1050 4110 in
1072 4050 1139 4110 Tuo
1160 4050 1273 4108 nomine

173 4173 310 4234 apparere
327 4157 460 4235 postulat.
501 4157 532 4216 id
559 4176 628 4216 sane
643 4156 745 4215 Codini
771 4175 842 4235 opus
857 4160 919 4232 est,
944 4157 1023 4231 quod
1049 4171 1108 4214 nou
1125 4153 1274 4212 crediderit

173 4259 274 4318 merito
301 4259 439 4342 quispiam
464 4264 509 4320 tot
536 4259 685 4320 dicandum
705 4257 863 4318 hominibus
890 4264 963 4336 quot
982 4257 1086 4317 Officia
1105 4256 1274 4337 percensuit,
