3092 4942
475 355 522 422 IN
549 353 695 424 counit
724 355 1232 432 eruitis

133 542 196 600 res,
228 521 271 580 ita
303 525 334 580 et
364 518 566 600 chartophylax
604 520 716 582 videtur
745 520 877 583 habuisse
911 517 1095 600 primicerium
1125 520 1235 584 tabula·

132 609 245 668 riorum.

204 721 232 774 p.
248 703 266 757 6
284 718 310 757 ι.
328 703 356 756 8.
381 700 464 769 Regia
469 700 594 784 ,superins
611 699 738 770 products
753 700 823 754 inter
837 699 922 754 officit
936 705 1073 756 recensent
1088 700 1236 774 ucrppssri·
1272 705 1274 712 '

136 788 310 896 mar
291 770 499 840 zusprupzsuois
514 771 661 840 οοταριων.
696 770 812 826 noterius
822 787 887 826 vero
900 775 927 824 et
943 771 1084 826 tabularius
1102 789 1179 828 sensu
1191 791 1237 828 oo-

220 925 310 984 Porro
329 925 370 984 de
383 943 452 985 voce
473 903 635 1006 primicerii,
655 924 851 1002 secundicerii,
876 925 1042 1004 tertiocerii,
1072 930 1238 1004 quanooerii

134 1011 361 1079 vincenesium
379 1011 418 1069 ad
434 1011 479 1070 ιὶι.
497 1014 520 1069 7
539 1010 587 1070 lib.
608 1014 650 1075 12
671 1011 733 1071 cod
753 1010 933 1088 lustiniauei,
954 1017 984 1069 et
1011 1013 1214 1092 Onuphriunr
1206 1033 1237 1074 ιιι

134 1085 265 1176 explicat
285 1115 385 1156 vocum
401 1096 580 1168 obscuramini
595 1096 860 1185 ecclesiasticarum,
880 1099 910 1154 et
933 1093 1048 1156 Petrum
1065 1099 1236 1200 Gregorium

136 1185 285 1260 syntagm
301 1181 341 1246 15
354 1187 411 1260 22,
433 1181 481 1255 qui
495 1181 536 1239 ait
551 1182 807 1259 pronuntiationem
829 1179 947 1239 nominis
958 1185 1106 1260 primicerii
1124 1185 1235 1260 exigere

135 1268 322 1327 adiectionem
333 1284 368 1324 er
385 1265 519 1324 relatione
530 1265 662 1345 alicuius,
682 1266 726 1326 vel
745 1273 821 1326 certe
834 1265 976 1344 postulare
1001 1273 1034 1324 ut
1045 1267 1237 1345 subintelliga-

136 1359 194 1412 tur.
216 1350 327 1428 qnod
304 1370 329 1407 su
343 1368 440 1411 verim
457 1356 511 1428 est,
522 1356 583 1412 tum
594 1370 709 1411 necesse
720 1353 776 1411 erit
785 1351 825 1434 nti
833 1370 895 1410 cum
908 1351 981 1408 inter
994 1351 1132 1429 palatinas
1144 1353 1238 1430 digni·

137 1444 215 1497 tates
241 1434 260 1501 d
285 1433 375 1516 μέγας
398 1431 612 1518 πριμμικήριος
634 1437 811 1514 nominatur,
838 1436 961 1512 dignitas
983 1437 1077 1512 aliqua
1097 1437 1237 1496 subintel-

135 1523 259 1602 ligatur,
279 1521 346 1595 quia
359 1521 529 1597 primicerius
541 1541 643 1585 nomen
655 1523 709 1580 hoc
722 1522 808 1582 habet
827 1526 958 1600 respectu
981 1522 1094 1580 adonius
1116 1523 1237 1582 functio-

138 1609 184 1676 nis
200 1625 250 1664 seu
267 1605 419 1667 ministerii
441 1606 506 1664 lrinc
518 1610 686 1685 primiceriae
702 1607 843 1682 latorum,
859 1609 1026 1687 primicerius
1040 1607 1128 1684 aulae,
1140 1610 1236 1684 primi-

138 1696 226 1752 cerius
241 1696 433 1771 promerunt,
457 1693 623 1769 puniamus
645 1692 850 1752 durationem
868 1696 976 1766 ,exsut
995 1692 1025 1750 in
1045 1687 1237 1750 Decretalibus

139 1776 240 1836 titsslus
256 1776 293 1834 de
305 1778 468 1854 primicerio,
488 1776 537 1835 ubi
556 1776 626 1836 nihil
642 1778 784 1850 adiicitur,
804 1795 897 1852 neque
919 1776 1003 1834 etiam
1023 1777 1093 1838 satis
1115 1781 1235 1854 apparet
1318 1784 1320 1790 “

142 1863 212 1937 quid
226 1866 278 1919 aut
289 1861 474 1919 adiiciendum
484 1866 535 1920 aut
546 1861 842 1937 subaudiendumsit,
862 1860 915 1922 uisi
930 1862 993 1936 quis
1012 1862 1095 1923 dicat,
1103 1859 1241 1919 subintel.

141 1947 191 2026 ligi
203 1964 302 2005 vocem
316 1951 461 2005 contonam.
482 1947 519 2005 de
538 1965 596 2022 quo
612 1946 677 2005 vide
694 1945 810 2004 Petrum
827 1945 995 2024 Gregorium
1013 1945 1032 2005 l.
1050 1965 1073 2005 c.
1095 1945 1160 2004 hinc
1177 1948 1238 2026 pri·

145 2034 298 2092 ιιιιιιιιιιιιο
312 2031 435 2106 dignitas
447 2036 478 2093 et
490 2031 612 2093 officium
623 2031 777 2109 primicerii.

227 2116 314 2185 Quod
328 2118 366 2174 ad
382 2117 475 2194 ipsum
496 2116 661 2186 vocabulum
678 2117 798 2192 attinet,
818 2131 876 2174 ιιοιι
889 2113 1106 2191 improbabiliter
1121 2114 1241 2172 arbitra·

144 2208 191 2260 tur
209 2201 340 2268 Cuiacius
355 2200 426 2259 illud
444 2204 530 2261 cerias
545 2221 608 2260 esse
626 2207 738 2260 uotum
758 2199 970 2278 productionem
994 2200 1087 2277 verbi,
1107 2199 1168 2257 sine
1183 2198 1242 2256 ulla

133 2304 235 2346 -novae
252 2286 460 2364 significationis
480 2287 640 2359 additione3
659 2292 693 2345 ut
713 2286 831 2363 proinde
847 2287 1012 2362 primicerius
1038 2286 1112 2343 idem
1131 2284 1170 2340 sit
1193 2285 1243 2359 qui

145 2373 267 2450 primus,
287 2373 479 2432 secundicerius
496 2373 572 2430 idem
590 2372 639 2446 qui
656 2371 812 2447 secundus,
833 2369 905 2426 sicut
928 2374 958 2427 et
979 2371 1056 2448 apud
1074 2368 1242 2428 recentiores

145 2457 269 2516 Graecos
281 2451 483 2528 παιιόιιουιος
493 2459 568 2516 idem
577 2461 622 2515 est
635 2458 712 2530 quod
723 2461 804 2532 παῖς,
822 2447 1054 2534 Φραγκόποοιος
1072 2454 1146 2511 idem
1160 2454 1240 2551 quod
1293 2460 1296 2476 '

3 2544 4 2587 ι
107 2592 111 2597 ,
145 2541 284 2611 Francus3
302 2543 345 2600 ita
363 2548 396 2600 ut
413 2541 483 2602 illud
503 2547 617 2616 πουλος
633 2543 671 2601 sit
690 2559 833 2619 paragoge
850 2540 957 2614 absque
981 2540 1041 2598 ulla
1057 2557 1131 2598 noua
1153 2538 1242 2614 signi-

90 2624 93 2644 '
143 2628 280 2684 licatinrre
297 2627 343 2686 alii
356 2633 451 2686 tamen
467 2627 636 2686 nomenlroc
649 2647 668 2684 a
686 2629 773 2706 primo
794 2631 823 2683 et
841 2644 901 2683 cuc
921 2625 1076 2684 derivatum
1101 2623 1242 2703 composi-

145 2718 262 2788 tumque
273 2712 386 2790 volunt,
408 2712 508 2788 quibus
526 2731 573 2787 qus
565 2711 678 2787 'volet,
698 2730 749 2788 per
758 2729 804 2768 me
819 2708 975 2768 subscribat
986 2710 1060 2768 licet.

154 2839 158 2852 ι
233 2817 263 2876 p,
274 2799 303 2858 6.
314 2817 340 2856 v.
355 2800 383 2862 8.
421 2798 569 2857 Ultimus
561 2816 591 2855 ιι
610 2797 665 2854 boc
684 2795 811 2870 quinario
832 2790 912 2855 est‘
893 2818 910 2856 ο
929 2789 1028 2873 ἅρχων
1052 2797 1113 2854 τοῖν
1134 2813 1243 2853 κοντα-

146 2882 241 2957 slav,
258 2882 408 2960 praefectur
426 2886 564 2955 curtios,
578 2881 620 2940 ait
638 2879 778 2939 luniusss
770 2899 827 2940 nmo
852 2883 995 2937 centonis:
1020 2879 1086 2936 narn
1106 2877 1245 2952 mutianus

147 2966 277 3044 generak
290 2974 447 3027 uomenest
466 2968 504 3026 ad
524 2967 617 3026 omnia
635 2985 708 3042 quae
723 2965 786 3027 caui
807 2969 857 3030 aut
870 2963 964 3021 solent
985 2967 1035 3022 aut
1055 2966 1192 3040 possunt,
1211 2965 1243 3019 ιι

148 3053 305 3112 contacium
320 3057 426 3119 οιιιιιιι
443 3054 587 3128 quoddam
600 3071 691 3129 genus
703 3050 772 3108 est
764 3069 794 3108 ιι
812 3048 981 3148 Graecorum
994 3046 1138 3106 ritualibus
1155 3044 1244 3122 libris,

3 3208 5 3221 .
104 3139 222 3195 sicut
238 3143 269 3196 et
283 3140 427 3216 troparium
448 3131 543 3243 εἷρός,
562 3157 661 3211 ιιιοι,
680 3130 835 3214 ιοιθισμα,
853 3126 1056 3213 προσόμοιον,
1077 3123 1243 3211 scindendo,
1353 3199 1357 3206 1

148 3215 327 3298 demissos,
347 3217 569 3303 οιαιροισιμον,
588 3216 808 3298 ινασιᾶσιμον,
836 3223 866 3276 et
886 3219 962 3295 apud
980 3235 1033 3276 uos
1050 3235 1157 3292 nasus,
1184 3234 1245 3273 uer·
1264 3280 1267 3292 1

148 3308 245 3381 senii,
272 3307 419 3382 grndude,
453 3313 574 3381 tractus,
599 3309 749 3385 sequeutia,
778 3306 939 3402 responsoria
969 3307 999 3360 et
1027 3302 1108 3359 huius
1133 3301 1244 3376 generis

149 3391 220 3469 alia,
234 3411 307 3467 quae
321 3393 410 3450 aliena
423 3393 520 3470 lingua
539 3397 590 3450 aut
616 3410 731 3470 prorsus
755 3389 870 3467 exprimi
893 3394 943 3446 aut
961 3388 1106 3455 commode
1128 3385 1245 3462 exprimi

149 3496 209 3535 nou
232 3484 360 3555 possunt.
387 3477 472 3537 miror
492 3483 587 3537 autem
608 3477 676 3552 quid
693 3473 894 3534 correctoribus
911 3473 1080 3531 Bonelidii
1072 3492 1101 3529 ιι
1124 3476 1247 3533 mentem

150 3563 274 3640 venerit,
294 3569 423 3638 atquem
435 3563 482 3622 ille
493 3567 606 3622 vocaret
618 3560 780 3641 praefatum
796 3563 970 3618 emtaciorum
977 3603 988 3632 ,
1004 3558 1058 3636 ipsi
1078 3557 1248 3633 iuterpreta-

150 3653 249 3705 rentur
259 3648 425 3725 praefectum
436 3649 623 3727 pugillarium.
649 3665 704 3722 ego
721 3645 790 3720 quid
803 3645 857 3702 sibi
865 3644 1014 3722 pugillares
1030 3661 1079 3700 seu
1097 3641 1250 3718 pugillaria

151 3732 221 3790 haec
234 3731 338 3810 velint,
365 3752 473 3791 mecum
492 3738 626 3810 exputare
647 3749 766 3805 nequeo.
793 3735 838 3787 est
862 3735 956 3787 autem
974 3727 1128 3807 praefectus
1153 3731 1250 3784 couta-

152 3821 253 3876 ciorum
271 3817 317 3874 ille
337 3818 381 3874 cui
402 3830 470 3876 cura
489 3817 638 3877 inchoandi
655 3816 782 3876 coutacia
802 3814 955 3874 commissa.
984 3814 1036 3870 sed
1055 3811 1091 3870 de
1117 3810 1250 3870 contaciis

153 3901 234 3979 plura
248 3901 336 3960 habes
351 3922 439 3980 supra
453 3924 476 3963 c
492 3909 521 3968 7.
1093 3920 1097 3924 ·

220 3994 370 4052 ιιοντοίιιιοο
381 3999 424 4052 bic
437 3999 521 4069 (alin
509 4015 618 4069 namque
628 4001 764 4082 praeterea
775 3996 870 4063 refert)
883 3997 1000 4048 modulus
1013 3997 1053 4045 est
1062 3992 1176 4060 brevior,
1192 3986 1249 4044 aiod

78 4069 82 4074 ’
154 4069 207 4121 soi
225 4069 329 4122 ιιοοιοῦ
350 4086 368 4120 n
386 4071 516 4123 breuitate
538 4085 629 4120 nomen
645 4067 764 4134 sortitus3
786 4064 943 4134 maximeque
960 4069 1122 4124 sanctorum,
1145 4075 1251 4140 qnorum

155 4154 207 4189 nou
236 4145 276 4190 est
299 4137 431 4195 officium.
456 4137 583 4190 memoriis
598 4135 702 4190 brevius
719 4105 842 4188 iaciendis
869 4131 998 4185 deservit·
1027 4127 1252 4212 breviculuspnlibl

155 4207 258 4258 vocavi.
291 4207 388 4274 quiquo
410 4205 450 4263 luis
466 4205 598 4261 cantandis
615 4203 765 4276 praeficitur
785 4209 813 4256 et
831 4201 956 4268 intendit,
980 4207 1021 4258 cst
1043 4197 1143 4254 ιιιοιιιί
1159 4191 1253 4265 ἄρχων

89 4326 95 4330 .
155 4275 212 4329 coir
228 4274 420 4333 seuerior..

589 4400 793 4416 *affl—-
805 4417 807 4430 Ι
