3092 4942
273 359 321 404 ιιι
567 337 736 408 Gonnus
762 341 817 407 AD
844 341 1086 410 LECTOREM.

270 544 300 600 et
322 537 347 596 si
367 538 481 615 qnando
497 538 610 598 defectu
623 535 737 598 siculus
761 546 847 600 uotae
865 539 1052 615 laboraveris,
1071 537 1176 618 lector,
1207 537 1374 622 adpraese-

270 641 394 717 dentem,
416 657 490 716 quae
503 641 578 700 vices
590 639 649 698 eius
663 639 816 720 supplebit,
836 660 954 701 recurre.

353 740 393 799 Et
410 760 459 800 -ne
487 743 550 820 quis
577 748 660 822 putet
688 761 734 804 me
758 744 828 802 data
850 763 938 823 opera
959 741 1089 817 ,arcaea
1110 760 1255 804 censorem
1279 761 1373 822 agere,

269 841 363 919 ipsum
381 843 455 901 inter
474 847 505 902 et
523 861 569 902 me
590 843 742 921 quemlibet
761 849 919 904 statuamus
939 841 1089 922 arbitrum,
1122 843 1173 920 qui
1203 844 1241 901 de
1259 843 1373 904 feliciori

269 950 364 1002 textus
391 943 565 1022 expositione
596 944 736 1004 diiudicet
793 950 824 1004 et
844 945 972 1022 quamvis
990 945 1021 1003 in
1042 942 1169 1004 Gretseri
1188 944 1312 1005 favorem
1330 946 1373 1005 le·

267 1051 347 1105 ratur
362 1046 517 1124 sententia,
538 1064 597 1104 non
613 1045 698 1104 debui
714 1053 879 1126 perceptum
898 1068 917 1108 a
935 1047 990 1106 me'
1001 1062 1105 1105 novum
1119 1065 1233 1107 semum
1248 1054 1390 1127 praeter-¹

269 1148 400 1227 mittere,
432 1164 517 1224 quem
538 1145 587 1223 qui
610 1145 799 1209 Codiuianum
825 1154 934 1210 textum
964 1147 1065 1226 legerit
1084 1149 1279 1227 emendatum,
1312 1167 1372 1211 non

269 1249 381 1328 longius
394 1249 528 1327 requiret,
549 1267 612 1308 cum
634 1249 720 1308 oculis
740 1249 834 1309 subsit
852 1251 883 1308 in
899 1250 1035 1310 vmsioru's
1054 1251 1188 1328 margine
1214 1271 1217 1277 ·
1279 1264 1285 1279 ⁴

352 1351 457 1412 Parum
477 1369 561 1428 sane,
589 1349 654 1409 licet
668 1350 811 1430 nonnihil,
830 1350 989 1430 splendoris
1003 1351 1115 1412 Codino
1131 1349 1320 1428 contudissem,
1346 1355 1373 1411 si

268 1454 299 1514 in
324 1453 385 1513 solo
406 1459 486 1512 textu
513 1451 558 1510 vel
582 1453 642 1510 eins
664 1453 792 1513 versione
819 1455 995 1514 restitumnda
1021 1461 1133 1534 tempus
1159 1453 1371 1533 impendissent

271 1555 371 1632 debui,
401 1555 478 1634 quod
499 1573 601 1634 operae
626 1556 747 1634 pretium
769 1562 831 1615 erat
852 1562 884 1615 et
905 1558 1001 1641 operis
1013 1557 1069 1616 erit
1084 1557 1191 1618 utilitas
1204 1560 1235 1614 et
1247 1555 1373 1614 oblecta·'

268 1661 409 1735 mentum,
430 1661 464 1715 ut
482 1657 598 1735 ignotos
611 1658 796 1716 recentiorum
809 1657 982 1718 Graecorum
1000 1667 1107 1737 mores,
1137 1659 1179 1718 ita
1196 1657 1372 1718 Codirrlanae

268 1757 398 1840 dolionis
414 1759 560 1818 abstrusos
574 1763 605 1818 et
617 1760 778 1818 reconditos
791 1778 892 1820 sensus
905 1759 1054 1840 elucidare,
1074 1759 1218 1838 catalogos
1232 1758 1271 1815 de
1283 1758 1371 1818 ecde-

145 1905 147 1913 ,
267 1861 327 1920 siae
346 1861 390 1919 vel
411 1860 508 1940 palatii
524 1861 700 1920 officialibus
714 1879 748 1921 ex
761 1860 870 1940 Regiae
890 1863 936 1923 vel
955 1863 1070 1924 illustris
1090 1862 1252 1922 blazarinee
1270 1859 1367 1920 biblio·

267 1963 366 2024 thecae
383 1963 526 2022 codicibus
545 1984 604 2026 mss
622 1964 692 2024 alios
716 1983 750 2024 ac
770 1967 884 2026 omnirro
904 1966 1030 2024 disemos
1044 1962 1183 2041 proferre,
1214 1961 1285 2018 ritus
1299 1961 1370 2020 istos

264 2065 341 2123 velut
359 2063 471 2142 regulas
491 2066 573 2124 sactis
592 2073 622 2126 et
645 2065 780 2145 erernplis
806 2067 988 2140 confirmare,
1022 2062 1060 2120 de
1075 2079 1139 2120 meu
1161 2059 1265 2123 referre
1280 2081 1371 2140 pauca
1485 2137 1491 2146 Ἰ

263 2165 309 2224 vel
331 2167 417 2224 ferme
440 2165 524 2243 nihil,
554 2185 572 2225 a
594 2185 640 2225 me
656 2168 746 2226 relate
764 2171 869 2224 cunata
881 2163 926 2223 vel
941 2163 1057 2224 Graecis
1074 2162 1258 2241 scriptoribus
1276 2163 1321 2222 vel
1333 2165 1369 2223 iis

265 2269 314 2345 qrri
336 2267 400 2326 viva
422 2285 491 2324 voce
516 2267 673 2324 docueruut
699 2265 845 2326 ascribere.
887 2257 989 2344 quodsi
1013 2266 1081 2325 milri
1095 2263 1181 2326 fidem
1200 2285 1259 2325 non
1283 2267 1371 2325 sudat

263 2388 336 2447 quae
359 2370 418 2428 lide
444 2367 580 2426 laborare,
597 2352 717 2426 Graecia
743 2369 946 2446 praesumitur,
976 2369 1001 2428 si
1022 2387 1115 2427 meum
1136 2369 1368 2428 testimoninmiu

169 2453 172 2459 ⁶
264 2470 451 2548 suspicionem
473 2469 581 2546 veniat,
601 2469 649 2546 qui
670 2469 730 2528 lieri
747 2475 845 2549 potest
865 2476 898 2529 ut
910 2471 978 2539 'tam
993 2470 1075 2529 multi
1093 2477 1222 2531 auctores
1243 2472 1275 2532 in
1291 2472 1367 2530 notis

264 2571 302 2628 ad
313 2569 430 2647 singula
449 2571 544 2648 capita
561 2571 678 2629 adiectis
698 2573 861 2631 catervatim
882 2571 985 2650 prolati
1007 2573 1065 2632 fide
1085 2576 1202 2651 recent,
1222 2579 1285 2633 ant
1304 2575 1368 2652 quis

264 2691 361 2730 eorum
381 2673 517 2752 suffragia
536 2674 656 2734 voluerit
675 2675 706 2733 in
728 2676 844 2734 dubium
858 2673 983 2734 uocare?
1251 2681 1254 2687 '

348 2773 447 2834 Unum
470 2781 560 2834 restat
585 2777 662 2854 qnod
686 2793 834 2853 moneam,
866 2779 990 2855 primurm
1016 2783 1103 2857 caput
1127 2780 1165 2836 de
1193 2776 1366 2862 officialibus

263 2887 382 2952 magnae
400 2876 531 2938 ecclesiae
544 2899 603 2937 uon
620 2879 686 2938 mihi
702 2879 791 2936 videri
806 2879 917 2938 Cadini
958 2880 1037 2936 arius
1055 2879 1212 2939 sententiae
1230 2880 1367 2938 ratium

263 2979 420 3058 subiuugo‚
447 2982 576 3052 nimbum
591 2980 750 3058 catalogum
762 2982 800 3040 iu
824 2998 881 3060 quo
897 2981 1067 3040 officialium
1087 2982 1203 3040 nomina
1220 3001 1366 3040 recensen-

147 3159 154 3170 Ι
265 3088 328 3157 tur,
360 3101 377 3140 a
398 3083 509 3161 reliquis
532 3085 635 3148 Cadini
656 3083 798 3166 capitibus
820 3085 934 3163 saepius
956 3085 987 3142 in
1006 3082 1105 3162 Regiis
1124 3103 1186 3142 mss
1203 3084 1366 3142 distinctmn

264 3183 388 3258 reperiri.
433 3191 466 3241 et
491 3185 633 3262 integrum
663 3205 735 3265 opus
758 3187 866 3264 absque
887 3187 1017 3264 catalogo
1035 3187 1066 3244 in
1090 3203 1142 3244 sua
1165 3190 1244 3242 recto
1267 3185 1365 3243 ordine

264 3285 357 3362 capita
375 3285 470 3344 videre
490 3288 745 3363 mensurantem
774 3291 852 3368 quod
868 3297 900 3348 et
917 3290 971 3369 ipsi
991 3289 1092 3367 quibus
1109 3303 1177 3344 usus
1188 3289 1233 3342 est
1248 3284 1365 3342 Gretse·

261 3405 312 3471 rus
332 3385 517 3465 comprobant
536 3371 654 3448 codices.
695 3411 759 3450 cum
777 3399 873 3453 minen
896 3394 927 3449 in
941 3391 1083 3448 Codinmu
1097 3388 1264 3466 scriptorem
1281 3385 1365 3464 pleri·

220 3482 221 3486 ’
263 3507 321 3566 que
340 3490 479 3568 referant,
521 3491 589 3568 quin
619 3491 760 3552 Oodinum
784 3500 921 3572 agnoscet
946 3496 1092 3571 parentem
1120 3507 1179 3548 uon
1197 3487 1310 3548 invideo
1323 3486 1365 3567 *).

261 3590 332 3650 alios
345 3591 409 3674 ipso
422 3591 570 3671 ampliores
586 3595 660 3655 inter
677 3601 760 3655 notas
777 3576 910 3674 adiungo.
950 3589 1027 3673 ipsas
1047 3592 1132 3651 etiam
1143 3596 1227 3651 notas
1239 3591 1367 3670 utrisque

262 3712 297 3752 ac
316 3694 372 3752 toti
391 3694 494 3752 Codini
510 3697 588 3776 operi
600 3696 676 3757 volui
688 3699 838 3775 connexas,
859 3703 894 3757 nt
913 3696 1035 3756 auctoris
1047 3694 1188 3754 arridmte
1203 3699 1285 3752 textu
1303 3694 1364 3750 eins

262 3797 402 3874 expositio
422 3796 527 3856 nullam
544 3797 596 3856 tibi
617 3798 757 3876 relinquat
777 3800 871 3858 animo
893 3799 1073 3858 dubietatem.
1115 3797 1258 3856 Codinum
1277 3795 1365 3874 igitur

261 3895 370 3974 l‘llffllsss
393 3917 427 3956 ³⁰
442 3899 553 3980 integre
572 3901 662 3980 magis
682 3902 864 3981 explanatum
879 3903 1001 3985 suspice,
1023 3908 1053 3962 et
1067 3897 1246 3977 integerrime
1264 3895 1334 3956 vale.

297 4099 325 4170 *l
344 4105 380 4160 cl·
398 4109 520 4170 Gretser.
536 4123 703 4172 commentar.
722 4118 737 4171 1
756 4118 855 4173 lextr.
983 4135 986 4140 ·

703 4384 910 4394 --..-.—.-
