3092 4942
458 399 505 467 uu
518 398 665 484 coonu
679 399 762 467 cnr.
785 399 893 467 κου.
1040 374 1042 385 ’
1155 402 1230 472 esa

134 561 264 616 Romanum
281 577 315 614 ex
332 575 364 614 oc
380 557 558 629 imperatorem
572 559 756 617 irreverentius
771 561 870 629 aisse,
893 558 961 632 qnod
985 560 1122 615 'l'lreodoro
1145 563 1230 632 &type

134 631 220 700 pictae
234 629 342 682 caniciei
359 629 507 683 contulisset
523 629 651 698 cilicium,
675 647 707 682 ac
723 647 754 684 eo
777 639 913 700 praesente
935 629 1102 684 iuramentum
1120 649 1166 699 pro
1182 635 1231 685 im·

133 699 206 770 perio
225 697 401 782 consequendo
417 697 450 749 de
465 713 536 751 more
554 705 732 768 nuncupasset
755 700 835 752 verba
860 700 915 751 eius
939 703 1014 750 suntr
1038 694 1141 752 οῦκοῦν
1156 697 1230 753 κατά

134 766 253 834 καρδίας
271 759 368 833 ἕτερον
383 759 502 821 ἀνταίαν
517 761 626 835 πληγὴν
643 761 761 835 είληφύς
780 761 796 821 ὁ
815 766 954 836 δηλπθελς
971 765 1124 836 λογοθέτης
1134 762 1164 821 έκ
1179 770 1231 823 τοῦ

134 835 176 905 τῷ
191 831 354 906 Στυπειύτη
379 835 504 890 δοθ”ναι
526 835 638 904 δογεῖον
659 829 857 902 ἐρυθροδάνου
875 833 1008 894 διάλιθον
1031 833 1164 909 χρύσεον,
1180 836 1231 890 καλ

133 908 195 966 τοῖς
212 899 305 972 ὅρκοις
323 904 424 960 τοῦτον
438 853 616 989 έπιστατησαι
633 900 706 958 κατά
724 899 776 959 τὸν
797 900 829 958 έν
851 900 1018 974 Βλαχέρναις
1040 901 1127 972 μέγαν
1149 903 1230 970 νεούν,

135 969 165 1026 oi
181 967 233 1040 τὴν
248 973 299 1025 τοῦ
315 969 435 1040 κράτους
450 971 588 1043 διαδογην
606 966 757 1028 ίνεπέδουν
779 969 881 1045 {diatim
905 973 953 1027 καὶ
978 975 1014 1043 τῇ
1037 973 1160 1042 θυγατρὶ
1179 976 1232 1028 τοῦ

135 1035 267 1110 βασιλέως
284 1042 398 1115 Μαρίᾳ,
422 1033 443 1094 οἳ
459 1041 500 1114 τῷ
516 1041 686 1114 λογοθετιιιρῖ
702 1039 850 1112 δήπουθεν
865 1038 988 1113 σ’φφικίφ
1005 1032 1078 1111 ἦσαν
1094 1037 1227 1112 ἀρμύδια.

203 1168 229 1220 p.
240 1152 311 1206 δύο.
325 1153 366 1206 12.
384 1145 399 1203 ύ
418 1149 510 1220 δεῖνα]
528 1150 616 1204 verbis
632 1150 688 1204 istis
702 1149 832 1225 cinnabari
850 1150 924 1222 pictis
936 1151 1049 1205 eiusdem
1066 1151 1160 1204 coloris
1176 1158 1231 1205 tres

137 1235 227 1272 eruces
244 1219 487 1290 praemittebantur,
507 1219 540 1272 de
558 1219 650 1288 quibus
667 1219 840 1291 Tbeopbanes
861 1221 887 1272 in
908 1221 997 1273 isauro
1013 1219 1112 1274 beonet
1137 1216 1232 1272 ἐπιλα-

135 1285 257 1356 θόμενος
272 1283 306 1342 τὸ
324 1284 473 1356 ίδιύχειρον
492 1281 509 1341 ὃ
526 1284 669 1374 ἐποίησεν,
685 1287 734 1341 καλ
747 1284 801 1371 τὸν
817 1284 939 1355 στανρδν
955 1284 988 1343 δν
1003 1285 1120 1358 ἔπηξεν,
1136 1287 1185 1341 καί
1202 1282 1234 1341 οἱ

136 1351 186 1411 σῦν
204 1351 291 1428 αύτῷ.
310 1365 336 1410 et
352 1357 434 1410 infra:
457 1374 586 1410 καταπατ
606 1374 655 1417 σας
671 1351 724 1424 τὴν
742 1358 845 1412 εαυτοῦ
859 1358 1017 1425 συνείδησιν
1032 1357 1080 1410 καλ
1090 1353 1233 1424 ἀθετήσας

135 1421 187 1478 τύν
197 1419 317 1492 σταυρύν
328 1423 378 1479 καί
394 1419 447 1494 τὴν
461 1375 620 1510 ξπιγραφύν
631 1420 667 1496 ἣν
683 1419 820 1494 ἐποίησεν.
838 1426 919 1479 idern:
936 1424 1015 1480 Λέων
1029 1422 1233 1491 παρεσκεύασεν

135 1491 238 1557 ἀλλους
253 1492 340 1562 πῆξαι
355 1509 493 1561 σταυρους
510 1489 582 1547 κατὰ
599 1489 652 1564 τὴν
670 1489 819 1562 ἀλήθειαν.
835 1495 943 1548 iterum:
968 1489 1052 1556 αύτδς
1067 1490 1234 1612 εὐλαβηθείς

135 1563 222 1631 πῆξαι
239 1557 360 1630 σταυρύν
377 1557 425 1615 διὰ
441 1559 473 1617 τύ
491 1559 629 1630 πρότερον
642 1560 869 1632 καθυπογράφαι
879 1558 910 1617 ἐν
920 1564 961 1636 τῷ
972 1559 1123 1635 βασιλεύειν
1134 1582 1153 1614 α
1173 1559 1233 1616 τόν.

136 1639 164 1688 at
180 1649 230 1686 non
245 1631 320 1684 buius
336 1630 410 1684 modo
427 1630 579 1697 iusiuraodi,
597 1631 643 1685 sed
659 1636 687 1684 et
704 1632 831 1696 cuiusvis,
848 1649 911 1686 crux
928 1633 1032 1702 appicta
1046 1633 1096 1685 fuit
1113 1631 1234 1685 indicium

136 1707 164 1754 et
180 1700 346 1770 confirmatio.
375 1699 430 1752 Len
453 1700 640 1756 Grammaticus
663 1700 689 1753 in
711 1700 838 1754 Michaele
861 1701 1001 1771 Theophili
1022 1702 1059 1754 ua
1085 1695 1236 1769 γενομένης

136 1763 169 1822 δέ
188 1769 236 1837 τῆς
251 1763 436 1836 προελεύσεοις
457 1765 497 1830 είς
518 1763 554 1822 roi
576 1767 781 1838 γαλκοπράτεια
802 1769 853 1822 τοῦ
876 1764 1085 1838 εύαγγελισμσῦ,
1108 1770 1157 1823 καί
1183 1772 1234 1836 τῆς

139 1833 254 1891 είσύδου
277 1833 441 1906 γενομένης,
463 1834 512 1890 καί
540 1839 593 1890 τοῦ
615 1833 775 1906 εὐαγγελίου
798 1833 989 1904 τελεσθέντος,
1014 1832 1139 1904 ἀνῆλθεν
1163 1831 1181 1890 ὅ
1202 1854 1233 1890 τε

135 1902 309 1976 πατριάρχης
326 1903 431 1968 Φύτιος
446 1903 495 1958 καί
520 1901 535 1959 ὅ
561 1903 686 1976 βασιλεύς
707 1901 758 1958 σύν
773 1907 815 1977 τῷ
830 1905 950 1971 Καίσαρι
965 1903 1015 1958 καὶ
1030 1905 1162 1977 Βασιλείῳ
1178 1921 1234 1957 πα-

137 1972 335 2045 ρακοιμιομένῳ
351 1971 381 2028 ἐν
396 1975 457 2036 τοῖς
471 1969 687 2044 κατηγουμένοις
706 1975 860 2044 (porticibus
881 1975 1076 2042 dreumquaque
1098 1973 1126 2026 in
1149 1973 1234 2028 eccle·

136 2043 200 2096 siem
223 2043 472 2114 prospectantibus),
496 2044 547 2098 τοῦ
567 2041 740 2112 πατριάρχου
762 2037 810 2096 ἐπὶ
831 2045 926 2111 γεῖρας
949 2038 1061 2111 ἔχοντος
1083 2037 1116 2095 τὸ
1140 2042 1234 2110 τίμιον

137 2114 214 2181 σῶμα
231 2111 279 2166 καί
296 2108 365 2180 αἷμα
382 2113 434 2166 τοῦ
450 2112 547 2180 κυρίου
564 2109 642 2198 ducier
663 2107 755 2180 Ἰησοῦ
778 2111 915 2178 Χριστοῦ·
939 2109 988 2164 καλ
1011 2106 1152 2182 βάφαντες
1168 2106 1186 2164 ὅ
1201 2127 1232 2164 τε

139 2178 265 2252 βασιλεῦς
280 2178 330 2234 καὶ
346 2175 361 2234 ὁ
379 2180 522 2243 Βασίλειος
537 2200 603 2244 τους
617 2180 723 2248 τιμίους
738 2175 907 2248 ὑπέγραψαν
920 2177 1074 2248 σταυρσύς,
1091 2173 1165 2247 ὅρκφ
1186 2178 1232 2249 βε-

139 2249 285 2320 βαιοῦντες
301 2244 351 2302 criu
367 2247 496 2317 Καίσαρα
511 2245 627 2320 ἀφόβως
642 2248 818 2313 συνεξελθεῖν
827 2242 883 2315 μετ’
897 2243 989 2301 αύτῶν
1005 2242 1036 2300 έν
1050 2249 1091 2320 τῷ
1105 2247 1230 2317 ταξιδίφ.

138 2319 184 2386 qui
201 2319 367 2370 iuramentum
383 2335 460 2371 cruca
479 2320 604 2372 firmatum
625 2319 753 2385 violabat,
778 2325 848 2370 tetra
864 2314 1063 2383 σταυροπάτου
1083 2316 1233 2369 inurebatur

139 2393 216 2451 nota,
241 2387 273 2440 de
295 2403 347 2455 qua
370 2403 417 2441 noe
442 2389 564 2456 quaedam
589 2387 616 2440 in
640 2387 793 2442 cedrenum.
811 2385 838 2438 in
860 2382 1071 2453 οταυροπάτας,
1093 2385 1234 2440 huiusmodi

136 2455 270 2508 foederum
294 2454 414 2508 videlicet
443 2466 471 2510 et
498 2456 639 2510 iusiurandi
667 2455 817 2526 interposita
842 2471 918 2508 cruce
942 2455 1096 2519 violatores,
1121 2455 1233 2507 divinum

137 2539 230 2576 numen
246 2527 433 2593 provocaturos
448 2533 478 2578 σε·
493 2526 618 2597 putabant
635 2524 750 2578 iniurium
764 2523 849 2593 passi,
871 2540 927 2575 cnm
944 2524 1036 2576 tabulis
1051 2539 1128 2577 cruce
1145 2524 1234 2575 firme-

136 2593 172 2646 tis
189 2592 331 2646 counitam
347 2609 435 2662 pacem
477 2595 678 2657 remittentibus,
702 2595 735 2646 de
758 2600 834 2646 conto
857 2592 1003 2661 suspensis,
1025 2592 1052 2644 in
1075 2592 1235 2657 loedilragos

137 2661 216 2714 ducto
239 2661 354 2715 exercitu
377 2612 558 2731 procedebant.
600 2663 756 2716 Andronicus
781 2661 877 2725 iunior,
903 2662 1028 2730 scriptore
1053 2660 1232 2711 Cantacuzeno

138 2733 157 2784 2
173 2732 205 2794 8,
222 2729 301 2784 hocce
318 2732 446 2783 iacturum
461 2733 561 2816 perfido
578 2731 723 2783 Moesorum
741 2729 850 2798 principi
866 2729 987 2783 minetur:
1005 2723 1056 2780 έάν
1066 2723 1103 2778 δέ
1113 2723 1151 2796 μὴ
1163 2722 1236 2779 ἀπο·

139 2797 213 2870 orep
231 2793 264 2853 τὸ
287 2796 422 2870 πόλισμα,
447 2819 498 2853 τσν
520 2795 655 2864 σταυρόν,
675 2791 709 2850 δν
733 2794 870 2864 πρότερον
892 2794 1023 2865 πέπομφε
1044 2791 1115 2857 πρὸς
1138 2790 1234 2862 αύτόν,

139 2860 185 2920 tul
202 2869 252 2936 τῆς
265 2869 385 2936 σημαίας
408 2864 525 2930 ἀναθείς
543 2861 681 2919 ἐλεύσεται
701 2860 742 2918 ἐπ’
763 2861 860 2920 αύτύν.
886 2872 913 2916 et
927 2866 1010 2917 infra:
1034 2865 1085 2917 σοῦ
1101 2858 1133 2916 δέ
1151 2859 1236 2917 οῦδὲν

139 2929 259 2998 ἐπιεικὲς
275 2932 514 3004 ἀποκρινομένου,
538 2937 573 3006 τῇ
594 2936 645 2988 τοῦ
661 2935 784 3001 σταυροῦ
801 2929 917 2999 δυνάμει
932 2935 1065 2999 θαρρῶν,
1091 2926 1128 2984 δν
1151 2927 1236 2992 αύτός

140 2998 276 3073 ἐγγυητὴν
292 2999 355 3072 ἐμοὶ
371 3001 509 3074 παρέσχου
526 3005 577 3057 τοῦ
592 2998 731 3072 μηδέποτε
749 3002 999 3070 παρασπονδῆσαι,
1022 3001 1172 3070 βαδιοῦμαι
1188 2994 1236 3052 ἐπὶ

140 3069 178 3124 σε’.
199 3075 247 3125 hoo
266 3073 332 3125 idem
351 3073 473 3126 Saraceni
491 3074 560 3143 prius
576 3081 682 3141 egerant
705 3071 844 3124 Iustiniano
871 3070 1035 3123 Rhinotmeto
1061 3069 1137 3128 tidem
1153 3067 1236 3122 viola·

141 3148 192 3193 tam
209 3143 405 3213 exprobrantesr
423 3140 472 3195 καλ
487 3138 707 3211 μαρτυρούμενοι
725 3137 772 3193 καλ
796 3132 846 3192 τὸν
862 3133 935 3191 θοῦν
956 3132 1104 3207 ἐκδικητὴν
1128 3133 1235 3190 τούτων

140 3207 376 3278 προκαλούμενοι,
398 3206 448 3264 τὸν
471 3213 520 3279 τῆς
543 3207 656 3279 εἰρήνης
685 3204 826 3278 ἔγγραφον
854 3203 961 3277 γάρτην
990 3201 1037 3260 ἐπὶ
1061 3205 1235 3274 φλαμουλίου

139 3274 325 3400 ἔρεμάσαντες
344 3276 393 3333 καί
414 3276 585 3350 προάγσντες
606 3271 678 3332 κατά
707 3279 763 3331 νῦν
782 3273 929 3347 Ῥωμαίων
952 3270 1092 3346 ὅρμησαν.
1119 3275 1157 3329 ita
1181 3277 1235 3330 Ce-

172 3364 245 3403 enur.
621 3381 623 3388 ·

223 3437 262 3498 ι’ίι.
280 3455 306 3495 v.
324 3437 374 3500 13.
409 3436 505 3522 σίκείρι
525 3434 599 3516 χειρὶ
620 3433 778 3516 προέταξα.
821 3430 901 3495 οῦτοι
926 3429 981 3512 μὲν
1006 3428 1026 3494 δ
1053 3425 1237 3511 στεφόμενος

141 3521 193 3595 (sic
206 3521 280 3580 enim
293 3520 379 3580 habet
393 3521 463 3580 alter
478 3524 566 3580 codex
578 3521 680 3578 Boicus
695 3526 726 3578 et
738 3516 957 3598 Lautherianus)
969 3520 1021 3595 τῆς
1038 3514 1147 3580 ἑαυτοῦ
1159 3539 1238 3597 προ-

141 3604 261 3668 τσίσσοιν
275 3601 434 3687 ὁμολογίας
447 3600 567 3688 γράφει.
611 3606 722 3664 Iunius:
741 3608 853 3683 proprio
868 3623 949 3662 mono
959 3603 1108 3681 praefinivi.
1144 3605 1238 3660 sicin-

140 3693 233 3750 rcn'bo't
247 3694 295 3768 qui
303 3698 442 3750 ιονοιιολαι
456 3697 513 3765 est,
530 3692 691 3770 praefiniens
708 3690 892 3767 confessiorem
906 3706 993 3748 αισοι.
1034 3687 1145 3763 inepte:
1168 3686 1237 3761 quid

142 3777 216 3834 enim
228 3775 290 3834 vult
306 3777 358 3834 sibi
368 3776 422 3834 hoc
429 3777 573 3856 praefinivi
586 3781 611 3834 et
622 3775 801 3854 praefiniens?
841 3777 936 3833 verte:
957 3771 1022 3828 inec
1035 3774 1143 3848 proprio
1156 3789 1239 3829 mono

139 3865 314 3940 massenpret,
343 3880 394 3920 seu
412 3861 566 3938 confessioni
577 3861 648 3940 fodei
666 3879 737 3920 mooe
753 3859 887 3938 praemisi.
929 3855 967 3913 ad
987 3854 1063 3912 hunc
1080 3855 1238 3912 modumis

143 3945 192 4021 qui
205 3953 354 4005 coronatus
368 3944 425 4025 (vel
440 3945 534 4026 potius
556 3943 733 4022 coronandus)
747 3949 810 4018 est,
830 3941 972 4019 propriam
988 3959 1069 3996 suam
1088 3939 1239 3998 confessio-¹

141 4049 207 4089 nem
220 4032 438 4110 praescriptione
456 4035 486 4087 et
505 4031 719 4108 praenotatione
739 4027 859 4088 nominis
880 4031 910 4084 et
934 4025 1080 4102 dignitatis
1093 4043 1160 4082 suae
1172 4024 1240 4080 insi-

142 4116 214 4193 gnit.
240 4115 309 4174 haee
322 4116 396 4175 enim
416 4114 657 4193 praescribebant:
680 4113 798 4177 ύδεῖνα
811 4111 844 4174 ἐν
860 4115 977 4196 Χριστῷ
991 4114 1032 4193 τῷ
1053 4113 1117 4194 θεῷ
1135 4103 1240 4180 πιστδς

142 4197 283 4281 βασιλεύς
295 4199 346 4262 καὶ
361 4195 552 4280 αύτοκρύτοιρ
572 4200 669 4282 οίιιείμ
687 4195 761 4279 χειρὶ
783 4194 940 4275 προέταξα.
983 4201 1013 4253 et
1027 4194 1091 4252 huic
1103 4197 1242 4277 προταγγῑ

142 4285 299 4364 respondet
312 4278 457 4368 rinoouyop',
466 4286 629 4364 interceptio,
643 4285 679 4343 de
687 4302 745 4360 qua
753 4281 886 4360 Curopal.
899 4302 927 4359 p.
935 4282 975 4344 87
989 4301 1016 4339 v.
1026 4282 1080 4342 17:
1096 4273 1157 4340 ύδέ
1166 4299 1242 4358 προ·

142 4369 264 4432 νύσσαν
283 4374 372 4433 τοῦτο
394 4364 469 4432 αύτδ
484 4365 576 4431 πάλιν
590 4368 641 4434 orci
657 4363 730 4450 μετά
743 4363 801 4448 τήν
814 4372 869 4446 τῆς
882 4367 1008 4436 πίστεως
1022 4362 1143 4426 ἔκθεσιν
1160 4359 1241 4425 ἀπο·

188 4461 283 4514 chin.
295 4461 448 4531 Goropolot·
463 4462 496 4517 do
510 4463 587 4532 Osfia.
994 4446 1038 4509 23
