3092 4942
236 351 298 423 ‚76
562 350 712 419 GODlNI
736 350 1039 419 GUROPALATAE

247 523 303 607 μέν
323 515 447 610 προλτην
466 518 583 608 ἦμίραν
597 503 825 609 ’προσκυνήσειν
844 523 945 608 μίλλει
954 571 965 602 ,
991 521 1137 608 γονατιζει
1152 517 1246 607 μόνον
1262 513 1352 602 οὗτός

247 653 281 694 τε
296 628 347 691 καὶ
361 625 390 690 οἱ
403 624 474 709 μετ’
490 626 586 691 adami
593 674 604 705 ,
630 624 796 707 ἀσπάζεται
810 627 845 692 δὲ
860 626 913 693 τὸν
927 632 982 692 τοῦ
993 626 1145 709 βασιλίως
1159 625 1240 693 πόδα
1254 628 1351 694 οὖδα-

248 734 332 812 μῶς·
358 733 401 806 είς
420 728 455 794 τὸ
476 726 545 813 ἑξῆς
560 729 594 794 δὲ
607 726 681 794 ὅταν
695 728 850 814 ἔρχονται,
875 730 915 797 τὰ
935 730 991 811 μὲν
1007 725 1172 810 καποάτζια
1183 726 1278 812 μόνον
1293 730 1351 797 ad-

209 845 234 900 Β
250 839 311 898 τῶν
324 829 532 914 ἐμβάλλωσιν,
556 831 592 897 οὗ
605 833 791 917 γονατίζουσι
810 831 854 898 (λε’.
889 835 940 897 καί
957 831 1036 897 κατὰ
1050 837 1158 905 τοῦτον
1171 834 1225 899 τὸν
1238 829 1352 922 τρόπον

249 935 319 1000 οάτε
340 939 382 1012 είς
405 935 441 1001 τὸ
464 933 693 1023 πολυχρόνισμα
723 941 1000 1022 προσκαρτεροῦσιν
1025 925 1109 1000 οὗτοι
1135 934 1205 1004 οὔτε
1231 940 1274 1014 είς
1296 935 1395 1002 τόν5’

251 1036 415 1121 ἀσπασμὸν
428 1036 576 1123 ἔρχονται,
598 1034 641 1114 ὡς
655 1034 834 1121 δεδήλωται.
856 1036 935 1103 ἀλλά
951 1037 1024 1102 οάδί
1036 1037 1075 1102 τά
1087 1035 1203 1124 rodoma·
1219 1037 1352 1129 κάτεργα

251 1141 461 1229 εάφημίζουσι.
510 1143 560 1204 καί
576 1138 685 1222 τάμέν
700 1143 844 1225 περὶτῶν
862 1144 1013 1228 Φραγγῶν
1030 1137 1121 1206 οὕτω.

354 1249 421 1326 Τῆς
437 1243 625 1328 λειτουργίας
641 1244 675 1308 dd
688 1243 800 1329 ἠρέμα,
826 1241 868 1320 ὥς
883 1243 998 1328 εἴρηται
1005 1291 1016 1322 ,
1041 1241 1248 1328 ψαλλσμίνηςι
1274 1238 1352 1310 ὥστε

250 1346 295 1429 μὴ
310 1341 510 1424 ἔξακοάεσθαι
527 1343 641 1430 ταύτην
654 1345 732 1410 ἔνθα
748 1343 765 1410 6
779 1347 925 1428 βασιλεὺς
941 1342 1092 1430 κάθηται,
1117 1345 1196 1428 μετὰ
1214 1347 1250 1412 τὸ
1267 1351 1352 1412 τελε-

249 1455 363 1533 σθῆναι
377 1449 431 1513 τὸν
446 1447 608 1531 ἀσπασμὸν
622 1449 797 1514 ἀνίσταται·
823 1451 874 1516 καί
888 1451 997 1514 αὐτίκα
1011 1449 1163 1534 ἀνοίγουσι
1177 1448 1217 1514 roi
1230 1455 1286 1533 τῆς
1301 1450 1398 1517 lac-10
1451 1517 1454 1523 ,

251 1553 377 1635 πλησίας
398 1547 511 1636 θάρας.
561 1553 612 1616 καί
627 1550 706 1634 μετά
720 1553 774 1616 τὸν
792 1549 948 1639 τρισάγιον
961 1551 1064 1634 «ὕμνον
1083 1548 1317 1636 ἀναγινώσκεται
1335 1549 1352 1618 6

211 1671 236 1724 c
252 1651 438 1732 ἀπόστολος,
463 1655 514 1719 καί
530 1657 666 1739 καθεξῆς
685 1656 845 1720 ἐντελεῖται
869 1651 888 1741 ἢ
914 1656 987 1721 θεία
1002 1657 1190 1742 λειτουργία,
1224 1647 1261 1738 ἦς
1275 1653 1354 1738 μετὰ

249 1756 307 1842 τὴν
318 1754 465 1823 ἀπόλυσιν
478 1755 495 1821 6
509 1757 654 1838 βασιλεὺς
669 1757 831 1845 ἀπέρχεται
848 1762 891 1836 εἰς
905 1758 961 1843 τὴν
976 1756 1136 1846 τράπεζαν,
1162 1759 1193 1822 ἓν
1205 1749 1227 1844 ᾗ
1237 1756 1352 1842 ἀπηρε·

247 1857 326 1926 τεῒά
341 1885 373 1926 τε
387 1859 482 1944 μίγας
498 1861 676 1944 δομίστικος
690 1864 741 1926 καί
758 1859 775 1927 6
790 1862 967 1944 δομίστικος
986 1865 1037 1926 καὶ
1061 1859 1077 1926 6
1096 1861 1144 1924 ἐπὶ
1164 1867 1221 1945 τῆς
1238 1860 1352 1948 τραπί-

249 1965 318 2054 ζης,
344 1963 430 2027 καθὰ
446 1960 652 2050 προεδηλώθη
674 1962 706 2029 ἕν
724 1971 763 2051 τῇ
787 1972 848 2029 τῶν
861 1967 1110 2051 Χριστουγεννῶν
1132 1960 1223 2052 ἕορτῇ
1242 1967 1293 2030 καί
1313 1970 1351 2051 τῇ
1362 1978 1395 2032 15

205 2063 208 2070 s
248 2074 311 2132 τῶν
324 2063 445 2153 φοίτων.
470 2066 550 2151 κατὰ
567 2067 601 2132 δὲ
614 2067 670 2150 τὴν
686 2065 844 2152 ἕσπερονὴν
859 2067 943 2152 ὥραν
956 2068 1117 2154 ἀπέρχεται
1136 2069 1178 2143 εἰς
1191 2068 1248 2150 τὴν
1263 2065 1352 2152 ἀγίαν

249 2171 368 2255 Σοφίαν
387 2166 404 2233 6
425 2166 589 2252 βασιλεύς,
624 2172 675 2234 καί
692 2177 752 2235 τῶν
767 2167 932 2256 ἓσπιρινῶν
946 2167 1050 2252 ὕμνων
1065 2165 1186 2234 ἀκούων
1199 2177 1352 2253 θυμιᾶται

248 2271 334 2358 παρὰ
346 2277 402 2337 τοῦ
413 2270 603 2358 πατριάρχου
615 2263 705 2348 οὗτός
717 2298 750 2337 τε
765 2275 816 2336 καὶ
831 2269 940 2348 πάντες
955 2272 984 2336 οἱ
999 2271 1152 2358 ἄρχοντες.
1202 2277 1253 2339 καί
1272 2276 1351 2360 γίνε-

248 2400 300 2440 ται
312 2380 402 2440 τοῦτο
415 2371 496 2439 οὕτω
509 2376 599 2460 μέχρι
614 2376 665 2437 καί
680 2381 741 2439 τῶν
754 2371 901 2458 ἐσχάτων,
926 2371 993 2440 τότε
1007 2377 1058 2439 καὶ
1070 2372 1173 2457 μόνον.

348 2467 411 2540 Ἦν
430 2476 487 2558 μὲν
507 2468 561 2540 οὖν
583 2474 679 2540 πάλαι
695 2474 844 2562 συνήθεια
865 2477 945 2542 κατὰ
965 2475 1019 2544 τὸν
1039 2483 1176 2543 τοιοῦτον
1197 2476 1394 2565 ἕσπερινόνξο

212 2594 239 2650 Ι)
256 2579 448 2668 είσίρχεοθαι
461 2578 515 2645 τὸν
532 2580 664 2662 βασιλέα
680 2583 722 2659 είς
737 2579 773 2647 τὸ
789 2579 875 2667 ἅγιον
889 2587 978 2666 βῆμα
996 2583 1047 2646 καί
1062 2587 1180 2664 θυμιάν
1194 2582 1249 2668 τὴν
1264 2581 1352 2668 ἁγίαν

319 2783 393 2852 lio‘c
408 2789 561 2861 δεδήλωται
579 2792 661 2846 οπιΑ
728 2796 790 2864 post
807 2789 963 2859 κάτεργοιΡ
980 2785 1040 2858 ἥτις
1056 2787 1178 2861 τριήρεις
1247 2780 1310 2850 146
1322 2807 1351 2846 τε

318 2857 479 2928 dertosanus
496 2858 513 2916 6
529 2858 654 2931 με’γοιςλ
756 2859 805 2916 asel
824 2858 840 2916 6
859 2859 1020 2928 δομέοτιιιος
1037 2863 1119 2915 οιοΒ

248 3047 352 3101 tutans
369 3053 397 3102 et
411 3052 585 3104 veneraturus
601 3054 652 3118 est,
676 3063 763 3118 genua
779 3046 839 3118 ipse
856 3051 885 3101 et
900 3045 967 3099 socii
983 3047 1143 3102 solummodo
1160 3047 1284 3113 flectunt,
1302 3062 1351 3114 pe-

249 3117 308 3169 dm
331 3134 397 3170 vero
418 3135 582 3189 nequaquam
600 3118 760 3172 osculantur.
795 3116 891 3170 ceteris
910 3117 1018 3185 diebus,
1043 3117 1148 3187 quando
1174 3117 1207 3170 ad
1228 3108 1361 3186 palatinm‘

246 3185 368 3252 roulant,
385 3191 508 3257 cappatia
525 3206 573 3241 sua
589 3195 689 3241 tantum
706 3188 849 3256 deponunt,
868 3203 920 3238 non
937 3186 1048 3239 flectunt
1064 3203 1129 3238 vero
1144 3201 1238 3254 genua.
1259 3184 1351 3236 eodem

247 3254 326 3306 nodo
349 3270 436 3324 neque
461 3257 494 3308 ad
516 3258 629 3309 faustam
654 3255 792 3309 multorum
818 3271 943 3308 annornm
968 3255 1179 3324 appreeationeru
1197 3259 1352 3324 permanent

247 3339 334 3391 neque
352 3325 386 3376 ad
402 3325 516 3378 osculum
541 3325 664 3393 veniunt,
688 3333 719 3378 ut
742 3331 821 3376 antea
845 3325 953 3378 dictum.
990 3340 1075 3391 neque
1092 3323 1202 3376 istorum
1219 3321 1351 3389 triremes,

247 3393 351 3458 qnando
368 3401 491 3446 recenter
502 3392 646 3462 appellunt,
664 3393 848 3463 imperatorem
865 3394 933 3446 bene
948 3392 1070 3445 ominatls
1085 3391 1174 3444 verbio
1185 3408 1350 3462 prosequan-

248 3465 303 3514 tur.
338 3467 365 3514 et
382 3461 487 3530 quidem
504 3479 573 3531 quae
589 3464 623 3515 ad
641 3464 759 3516 Francos
776 3469 906 3532 spectant,
923 3461 962 3514 ita
980 3478 1010 3514 se
1027 3460 1134 3514 habent.

315 3562 437 3632 Biturgia
452 3581 516 3616 vero
534 3563 672 3631 submisse,
692 3570 723 3617 ut
739 3562 837 3616 dietum
854 3571 911 3630 est,
929 3563 1067 3632 psallitur,
1084 3561 1123 3616 ite
1140 3567 1170 3616 ut
1187 3579 1240 3615 non
1258 3562 1350 3616 audia-

247 3638 293 3686 tur
308 3633 354 3685 ubi
378 3633 521 3702 imperator
536 3635 623 3686 sedet.
658 3633 704 3701 qui
726 3632 802 3684 linito
826 3633 915 3686 osculo
940 3633 1038 3702 surgit,
1064 3633 1205 3702 statimque
1229 3632 1351 3702 aperiunt

246 3699 375 3754 ecelesiae
390 3702 498 3756 ianuas:
517 3710 572 3756 tum
589 3703 686 3770 hymno
704 3701 816 3768 trisagio
834 3703 904 3755 dicto
924 3701 1020 3770 legitur
1039 3703 1191 3772 apostolus,
1215 3708 1296 3770 atque
1312 3701 1350 3752 ita

245 3770 385 3842 perficitur
405 3770 521 3840 liturgia.
557 3780 618 3840 post
640 3771 715 3824 euius
738 3771 816 3822 linem
843 3771 901 3827 abit
923 3771 1067 3840 imperator
1092 3772 1126 3824 ad
1151 3787 1279 3836 mensam,
1308 3768 1351 3822 cui

247 3839 396 3894 ministrant
410 3857 518 3908 maguus
535 3840 707 3909 domesticus,
731 3837 888 3894 domesticus
913 3848 941 3892 et
958 3841 1116 3911 praefectus,
1127 3856 1247 3904 mensae,
1271 3843 1351 3905 prout

246 3910 276 3962 in
292 3909 362 3963 feste
379 3909 528 3963 nativitatis
546 3910 649 3963 Christi
666 3917 694 3962 et
710 3908 833 3962 luminum
852 3910 1056 3963 demonstratum
1075 3915 1125 3965 est.
1162 3906 1233 3959 eirca
1253 3923 1351 3974 vespe-

246 3995 305 4034 rsm
321 3979 378 4032 abit
392 3980 536 4049 imperator
551 3981 585 4032 ad
601 3986 718 4032 sanctam
733 3977 869 4046 Sophiam,
886 3979 1047 4048 audiensque
1060 3975 1227 4046 vespertinos
1239 3974 1350 4042 hymnos

247 4047 402 4101 ineensatur'
422 4065 471 4101 aeu
493 4047 561 4102 turis
586 4047 678 4102 suffitu
704 4049 850 4100 honoretur
873 4065 890 4099 a
915 4047 1083 4120 patriarcha,
1112 4061 1253 4164 omuespue
1276 4042 1351 4098 simul

130 4152 134 4162 ι
246 4117 328 4242 ἔρροι
336 4134 482 4200 procerae,
508 4116 586 4172 etiam
602 4118 637 4172 sd
660 4115 777 4171 ultimum
799 4117 891 4186 usque.
929 4123 956 4172 et
973 4117 1006 4172 fit
1028 4117 1079 4169 hoo
1095 4120 1159 4168 tuno
1174 4129 1275 4184 soum,
1299 4130 1352 4166 non

318 4203 389 4240 Ἡοθι
680 4213 686 4224 ⁶
833 4239 837 4248 ,

261 4313 265 4322 ’
315 4290 385 4344 Erat
402 4288 463 4343 olim
481 4286 560 4342 moris
581 4292 613 4342 ut
635 4285 664 4340 in
681 4287 724 4340 lis
743 4287 865 4357 vesperis
881 4287 1025 4358 imperator
1041 4285 1227 4355 ingrederetur
1243 4283 1271 4336 in
1290 4299 1352 4338 sau-

248 4365 319 4414 omn
335 4359 547 4426 tabernaculum,
561 4362 738 4428 'suamque
750 4370 857 4418 mensae
873 4353 917 4412 λοι
934 4355 1068 4425 adoleret,
1086 4363 1115 4420 et
1131 4353 1234 4409 eloritis
1253 4371 1286 4408 ex
1303 4370 1352 4407 ve-
