3092 4942
265 341 316 413 80
580 339 729 408 GODINI
750 339 1049 408 GUROPALATAE

263 509 508 601 παραγενομένου
529 505 581 598 ἔφ’
605 501 643 576 oi
662 507 679 576 ὰ
702 513 839 601 σταυρὸς
859 508 1001 592 ίσταται,
1036 509 1167 582 ὰπάλαι
1182 511 1279 602 φόρος
1293 511 1365 578 ixa·

224 620 248 674 B
265 621 361 695 λεΐτο,
388 614 550 702 ἀπέρχεται
566 611 743 696 ὄβασιλεὰς
762 619 815 683 καί
838 614 941 682 ἀκοόει
955 617 1010 700 τήν
1026 617 1096 682 κατ’
1119 616 1194 694 ἔθος
1208 616 1299 682 έκεΐσε
1315 617 1366 681 έκ-

263 718 445 802 τελουμένην
469 709 667 784 ὰιέολουθίαν.
715 721 794 803 μετὰ
809 720 843 784 di
858 721 913 805 τήν
929 717 1076 786 ἀπόλυσιν
1092 719 1254 807 ἀπέρχεται
1271 712 1366 797 αὖθις

265 825 307 900 εἷς
321 823 356 888 τὰ
372 815 531 886 παλάτιον.

367 924 460 989 Κατὰ
478 923 535 1007 τήν
554 919 662 1008 ἑορτὴν
677 928 738 988 τῶν
751 922 891 1009 γενεσίιω
909 931 964 1008 τῆς
978 923 1130 992 θεοτόκου
1144 924 1306 1013 ἀπέρχεται
1315 926 1392 1003 ried

261 1029 319 1114 τήν
336 1028 506 1110 σεβασμίου
518 1025 615 1110 μονήν
628 1024 684 1107 τήν
696 1031 752 1092 τοῦ
764 1024 881 1108 Λιβός.

153 1148 248 1204 Pus
365 1130 459 1196 Κατὰ
481 1128 537 1213 τήν
561 1125 685 1212 μνήμην
712 1135 769 1196 τοῦ
795 1127 928 1215 μεγάλου
951 1128 1131 1214 Δημητρίου
1159 1131 1204 1206 είς
1229 1129 1285 1213 τὴν
1314 1129 1365 1196 ἐπ’

263 1230 391 1319 ὀνόματι
420 1231 516 1298 atreo
541 1232 714 1318 τιμωμένην
744 1235 915 1318 σεβασμίων
943 1232 1040 1318 μονήν
1063 1232 1119 1318 τήν
1139 1240 1200 1298 τῶν
1223 1237 1368 1299 Παλαιο·

191 1328 194 1336 ’
264 1327 372 1424 λόγων.
1071 1330 1073 1334 ’
1296 1377 1299 1385 ·

190 1428 193 1436 ’
368 1438 460 1504 Κατὰ
474 1437 531 1522 τήν
542 1443 597 1504 τοῦ
613 1434 746 1525 μεγάλου
758 1434 988 1526 Χρυσοστόμου
1004 1432 1127 1522 μνήμην
1144 1436 1306 1526 ἀπέρχεται
1324 1440 1412 1515 eicio

266 1541 323 1626 τήν
336 1539 425 1628 ὰγίαν
439 1542 569 1627 Σοφίαν,
594 1545 646 1609 καλ
661 1538 763 1608 ἀκοάει
778 1542 834 1624 μέν
848 1548 908 1608 τῶν
924 1538 1087 1628 ἑσπερινῶν
1101 1537 1215 1623 ἀμνων,
1241 1543 1318 1624 μετὰ
1333 1543 1368 1608 dd

266 1645 323 1728 τήν
342 1641 490 1710 ἀπόλυσιν
512 1643 669 1731 ἀνέρχεται
688 1647 731 1722 εἰς
752 1645 788 1710 τὰ
804 1647 920 1710 κελλίον
934 1651 988 1710 τοῦ
1003 1641 1194 1732 πατριάρχου
1210 1641 1369 1710 ἀναπαυό-

268 1771 359 1832 μενος
370 1750 480 1814 έκεῖσε·
511 1754 549 1836 τῇ
566 1749 600 1813 dd
614 1746 759 1835 ἐπαόριον
776 1747 854 1813 κατὰ
867 1747 919 1813 τόν
931 1753 986 1831 τής
998 1749 1087 1824 θείας
1100 1747 1286 1836 λειτουργίας
1300 1773 1369 1815 και-

271 1849 325 1938 ρόν
339 1850 531 1940 κατέρχεται,
541 1881 544 1886 ·
553 1853 606 1917 καλ
620 1848 734 1935 ταότης
749 1851 943 1936 τελεσθείσης
959 1849 1131 1936 ἀπέρχεται.

371 1952 463 2018 Κατὰ
478 1951 534 2036 τήν
552 1960 613 2020 τῶν
629 1956 766 2020 είσοὰίων
780 1961 835 2040 τῆς
847 1949 998 2021 θεοτόκου
1009 1949 1133 2040 μνήμην
1148 1953 1310 2040 ἀπέρχεται
1326 1953 1368 2032 εἷς
1377 1963 1412 2020 15

269 2056 326 2142 τήν
338 2062 394 2141 τῆς
408 2051 620 2144 Περιβλέπτου
636 2060 807 2142 σεβασμίου
820 2055 927 2143 μονήν.

229 2172 253 2226 B
373 2160 466 2224 Κατὰ
487 2159 544 2245 τήν
565 2167 620 2228 rori
640 2159 774 2248 μεγάλου
790 2162 956 2227 Βασιλείου
980 2157 1141 2246 ἀπέρχεται
1163 2155 1310 2236 ὡσαύτως
1329 2159 1371 2234 είς

267 2262 325 2347 τήν
336 2261 387 2326 ἔπ’
406 2258 534 2344 ὀνόματι
548 2263 644 2329 αὐτοῦ
655 2264 827 2348 τιμωμένην
842 2263 1011 2347 σεβασμίαν
1024 2259 1131 2346 μονήν.

266 2464 351 2546 ναόν,
378 2458 630 2534 ἀκολουθοάντων
651 2472 782 2535 καὶτῶν
795 2467 976 2556 Βαράγγων.
1026 2471 1078 2534 καλ
1095 2466 1223 2533 πάντοτε
1242 2467 1299 2549 μίν
1315 2470 1414 2536 roaiz)

266 2569 419 2652 βασιλέως
433 2569 703 2652 καβαλλικεάοντος
723 2573 960 2650 ἀκολουθοῦσιν,
987 2572 1130 2659 φέροντες
1145 2570 1195 2638 ἐπ’
1211 2568 1303 2652 ιόμων
1318 2567 1374 2646 τὰς

267 2673 399 2749 πελέκεις
422 2673 522 2738 αὐτῶν
545 2678 596 2764 καί
620 2676 709 2763 μέχρι
733 2682 795 2742 τῶν
813 2673 963 2759 Ὑψηλῶν
988 2673 1205 2762 ἀπερχόμενοι,
1240 2672 1319 2737 κατὰ
1339 2672 1393 2736 di*

268 2774 383 2859 ταύτην
398 2774 454 2860 τήν
467 2773 576 2865 ἑορτήν
588 2779 678 2868 μέχρι
691 2782 743 2845 καλ
757 2785 813 2846 rori
826 2785 902 2845 ναοῦ
915 2775 1151 2846 ἀκολουθοῦσιν.
1189 2773 1233 2843 'ori
1247 2774 1311 2860 μήν
1321 2776 1373 2840 καλ

280 2925 284 2932 ’
339 2921 358 2976 6
376 2917 528 2989 σεβασμίου
544 2937 587 2975 om
603 2920 653 2977 λ’

271 3040 386 3108 batur),
410 3040 439 3094 ia
463 3039 537 3094 coire
561 3039 663 3096 vertice
687 3059 753 3098 ernx
769 3042 881 3110 visitur,
910 3059 943 3095 eo
959 3039 1039 3095 etiam
1056 3058 1086 3094 ee
1102 3039 1207 3096 'confert
1221 3039 1375 3110 imperator,

273 3109 486 3229 aodiupoeflppod
505 3127 553 3180 pro
568 3125 641 3165 more
659 3111 700 3166 ibi
716 3112 855 3184 peragitur
871 3111 997 3166 officium.
1033 3110 1158 3165 missione
1177 3110 1240 3164 data
1258 3109 1375 3164 reverti·

272 3186 349 3233 tora
381 3195 400 3245 p
442 3179 518 3231 dom.

342 3246 374 3298 In
390 3245 459 3298 ferto
478 3245 626 3301 nativitatie
642 3250 767 3319 deiparae
785 3249 843 3303 abit
864 3251 899 3304 ad
915 3247 1068 3304 venerabile
1085 3246 1271 3301 monesterium
1287 3247 1374 3306 Libia.

340 3313 373 3366 In
389 3313 514 3368 memorie
530 3316 619 3384 magni
635 3317 763 3371 Demetrii
785 3321 842 3372 abit
866 3319 1010 3388 imperator
1035 3319 1069 3370 ad
1091 3317 1267 3370 venerandum
1284 3334 1375 3371 mona-

272 3382 381 3438 sterium
398 3382 621 3464 Paiaeologorum‚
640 3387 711 3454 quod
728 3389 833 3442 nomine
850 3387 981 3459 praedicti
997 3385 1120 3454 martyria
1139 3385 1290 3454 insignitur.

343 3450 426 3503 Festo
444 3469 531 3519 magni
548 3451 731 3520 Chryeoetomi
756 3459 862 3510 confert
884 3475 915 3510 ee
939 3457 973 3520 ad
997 3457 1027 3507 S.
1046 3453 1191 3524 Sophiam,
1218 3461 1246 3508 et
1262 3454 1376 3508 intereat

273 3520 434 3590 vespertinis
451 3519 582 3574 laudibus.
617 3523 714 3591 quibua
731 3525 858 3579 abeolotie
881 3525 972 3578 ceilam
994 3522 1162 3594 patriarchae
1182 3525 1265 3594 petit,
1293 3531 1322 3577 ut
1338 3523 1376 3575 ibi

271 3589 404 3714 puieepet.
438 3596 545 3658 postero
570 3589 616 3644 die
640 3592 713 3645 eirea
734 3593 860 3664 liturgiam
884 3602 987 3666 tempus
1012 3593 1165 3662 deseendit,
1192 3610 1277 3663 eaque
1300 3593 1377 3646 finita

290 3660 344 3713 iace
362 3658 395 3712 it.

341 3727 374 3780 Io
390 3729 604 3797 praeeantatiooe
618 3727 744 3800 deiparae
761 3730 892 3802 virginis,
917 3732 1021 3802 quando
1044 3731 1170 3802 tempium
1186 3730 1309 3800 ingressa
1326 3737 1376 3800 eet,

273 3796 329 3850 ebit
346 3796 380 3849 ad
397 3797 574 3852 reamandum
590 3799 777 3853 monesterium
795 3809 931 3872 spectatae
949 3809 977 3855 et
995 3801 1165 3854 admirandae
1182 3800 1294 3869 virginio
1319 3799 1379 3852 dai·

292 3883 365 3919 arae.

271 3884 290 3937 p
341 3936 425 3988 Ferte
451 3933 541 4004 magni
556 3935 650 3990 Basilii
674 3937 779 3991 confert
802 3955 832 3992 ee
853 3937 997 4009 imperator
1019 3940 1053 3993 ad
1075 3935 1229 3992 venerabile
1245 3943 1378 3990 monaste-

271 4004 348 4071 mum,
369 4003 440 4073 quod
456 4004 533 4058 iatine
551 4005 655 4059 nomine
672 4006 826 4060 honoratur.
1242 4039 1244 4044 ,

340 4073 371 4127 Ιιι
389 4074 459 4126 ieeto
475 4091 598 4128 occurens
616 4091 663 4128 een
678 4076 871 4144 purificationis
888 4075 985 4146 recipit
1001 4094 1031 4130 ee
1048 4075 1192 4144 imperator
1206 4074 1240 4129 ad
1250 4071 1379 4128 Blacher-

272 4160 364 4196 narum
380 4142 518 4212 templum,
546 4144 731 4198 comitantibus
748 4145 894 4214 Barengio,
919 4145 965 4214 qui
982 4161 1086 4213 semper
1100 4144 1284 4214 imperatorem
1301 4145 1378 4213 equi-

273 4221 372 4265 tantem
390 4211 562 4280 comitantur,
589 4221 726 4283 portantes
749 4215 864 4268 homerio
888 4215 944 4268 auis
964 4229 1071 4266 recures
1095 4230 1169 4278 auae,
1193 4214 1378 4282 deducuntque

274 4298 358 4349 oeque
375 4283 409 4335 ad
426 4280 510 4335 iocum
526 4275 641 4350 Ἅμηλὰ
656 4281 764 4338 dictum.
800 4291 828 4338 at
844 4284 873 4336 in
889 4283 940 4337 hoo
957 4284 1026 4336 festo
1045 4281 1123 4335 etiam
1140 4282 1174 4334 ad
1190 4281 1314 4351 tempium
1331 4299 1377 4333 co-

274 4351 415 4417 mitantum
438 4350 485 4407 nbi
508 4357 596 4407 nmen
621 4369 674 4408 oon
698 4359 805 4408 manent
826 4369 911 4424 oeque
932 4353 965 4407 ad
986 4350 1155 4422 imperatorie
1172 4351 1304 4420 redituro,
1329 4349 1378 4402 aed
