3092 4942
486 364 535 432 IN
552 364 702 432 comm
729 364 813 433 CdP.
843 366 888 434 V.
907 416 934 431 ,ι
1176 366 1250 436 253

148 534 188 591 de
198 528 368 589 considerat
384 545 409 586 c
423 532 455 605 7,
468 527 516 587 ubi
530 527 650 589 Vossius
665 532 808 607 cognosti,
821 526 883 587 loco
896 528 1028 607 uolgatae
1040 527 1169 590 lectionis
1181 550 1253 592 roco
1335 584 1339 590 .
1398 518 1399 525 ἵ

146 620 240 677 moni.
255 614 310 673 etsi
322 614 353 673 iu
361 610 471 672 Latinis
484 620 633 695 armarii,
646 619 787 691 ommutui,
799 619 934 675 rotomi
946 616 1028 676 lectio
1042 618 1127 675 etiam
1137 616 1252 675 defendi

146 701 259 781 possit,
280 700 348 775 quio
363 701 495 775 sagmarii
513 719 619 761 nomen
639 700 804 761 canevarii
826 708 1013 780 corruperunt
1033 709 1064 760 et
1086 703 1124 761 ad
1144 702 1254 761 idiotis-

145 805 225 845 mum
240 804 323 847 suum
334 784 510 844 inflexerunt.
530 784 596 845 binc
612 787 643 843 in
655 785 749 845 libello
766 787 804 845 de
816 786 955 845 miraculis
976 787 1008 846 S.
1037 786 1179 865 Udalrici,
1199 803 1253 848 nec

144 871 301 949 ineleganti
316 874 347 928 et
360 870 431 931 sotis
450 871 587 951 antiquo,
606 872 699 947 inqiut
714 868 901 931 casaubonus
917 872 947 930 in
963 870 1159 951 Lampridium
1177 874 1255 933 obtu-

145 958 235 1016 leruot
256 955 289 1014 dc
307 975 368 1014 cero
386 962 513 1034 plantum
532 977 602 1017 rosor
613 957 700 1036 fortis
714 958 867 1017 saumarius
887 964 995 1035 portare
1009 960 1106 1035 potuit.
1139 956 1256 1017 deducit

143 1042 223 1101 idem
236 1040 420 1099 casaubonus
435 1042 589 1118 sagmarios
604 1060 623 1099 a
635 1049 768 1119 sagmate,
780 1048 811 1101 et
823 1046 914 1114 recte;
935 1048 965 1101 et
978 1060 1073 1119 rogaro
1089 1042 1130 1101 ait
1147 1060 1211 1101 esse
1223 1043 1255 1102 id

146 1126 218 1206 quod
231 1130 345 1185 iumento
356 1130 507 1205 imponitur,
529 1132 562 1185 ut
573 1127 767 1187 edomuerat
782 1133 809 1186 et
826 1131 882 1187 sine
895 1146 966 1187 noro
978 1148 1038 1187 oreo.
1052 1126 1143 1203 ‹loffert
1155 1147 1253 1205 sagma

144 1210 265 1271 amtor
286 1229 349 1269 nono
365 1230 462 1288 sagma
469 1216 622 1291 proprisset
635 1214 707 1291 qnod
722 1214 845 1273 iumentis
864 1232 943 1272 onero
963 1212 1145 1273 baiulantobuo
1163 1216 1250 1291 impo-
1265 1217 1291 1272 P
1307 1218 1359 1274 206

144 1299 240 1365 ro'tur,⁸
259 1295 326 1354 rollo
347 1316 471 1375 epuororn
490 1304 530 1356 ert
543 1298 586 1356 oel
599 1297 713 1358 oliorum
731 1296 892 1357 animalium
898 1338 911 1367 ,
933 1297 1027 1375 quibos
1042 1297 1117 1355 bomo
1139 1298 1253 1361 celitur.

145 1382 249 1439 dicitnr
260 1381 346 1440 etiam
359 1377 437 1463 σαγή
447 1387 478 1440 et
487 1402 599 1459 rogum
615 1384 693 1457 quod
702 1382 841 1459 significat
856 1399 938 1440 omne
952 1382 1157 1460 operimentum
1173 1383 1253 1458 quod

145 1466 276 1525 iumentis
289 1467 448 1544 imponitur.
468 1468 533 1526 vide
546 1468 707 1526 Casaubon
726 1470 764 1526 ad
777 1466 922 1545 Lamprid.
944 1466 993 1525 sol.
1012 1468 1084 1532 321.
1107 1468 1160 1525 sed
1174 1468 1252 1545 prior

144 1551 313 1628 significatio
325 1552 420 1630 potior
433 1558 486 1611 err.
529 1553 629 1610 Graeci
643 1555 761 1611 flectrmt
774 1546 875 1633 colypor
893 1554 950 1613 τοῦ
966 1545 1132 1631 σάγματος,
1153 1549 1251 1611 Latini

142 1653 243 1779 {ogero
249 1653 380 1780 pagorum
402 1656 470 1719 prmo
485 1644 605 1718 corrupte
617 1639 700 1716 uolgo
708 1640 808 1698 dicitur
820 1636 937 1713 solmon,
954 1636 1047 1713 inquit
1060 1636 1160 1697 Isidor.
1176 1638 1250 1701 tro

22 1778 25 1783 .
171 1727 248 1799 tymo

213 1817 279 1903 ibrgl.
295 1813 469 1904 ctoppoloooe]
494 1817 584 1873 Simon
607 1817 713 1903 'Pordm
739 1821 941 1904 cnmoructorer
965 1812 1095 1886 morsele,
1117 1813 1251 1871 mmo·
1309 1837 1312 1851 Α

143 1886 643 2028 td’idtlltsttdottltt
667 1886 1252 2025 tlttttntl'o:tlultttlt

145 2032 173 2079 et
190 2025 254 2079 alios
271 2025 298 2077 in
315 2025 404 2079 ordine
419 2027 606 2095 compositurus
624 2029 698 2078 extro
715 2026 818 2080 chorum
837 2026 912 2082 salto.
947 2024 1152 2093 conquerebatur
1165 2038 1248 2093 popu-

144 2094 186 2147 lus
201 2095 228 2146 iu
243 2111 257 2149 s
290 2094 395 2147 ctcculis
410 2111 496 2148 coram
512 2096 666 2166 imperatore
683 2093 716 2147 de
732 2092 874 2163 Colopodio
886 2092 1057 2149 cubicularios
1074 2090 1249 2147 colondano

145 2169 232 2217 eutem
263 2163 331 2233 quod
349 2163 393 2216 elii
407 2164 582 2224 outonddroo
597 2162 777 2234 pronuntiant)
791 2171 885 2235 'typum
903 2164 1062 2217 calcearium
1079 2161 1135 2215 sive
1154 2162 1249 2231 perlem

144 2232 281 2302 ligneum,
298 2249 349 2301 quo
366 2237 466 2287 sutores
482 2239 602 2298 utuntur,
618 2232 722 2289 indicat.
756 2250 813 2285 cum
830 2250 893 2285 vero
910 2230 1079 2301 calepodium
1097 2228 1131 2283 de
1145 2230 1247 2295 nomine

144 2319 197 2355 non
214 2300 322 2354 auderet
338 2302 448 2371 populna
464 2299 567 2367 dicere,
584 2319 632 2353 nec
648 2318 678 2355 se
694 2318 853 2369 cognoscere
868 2300 1021 2355 internuntio
1038 2298 1188 2355 mandatore
1202 2316 1248 2352 re·

144 2369 284 2439 sponderet
299 2370 453 2440 imperator,
470 2369 622 2426 exclamavit
638 2368 762 2441 populus:
780 2368 797 2425 ὅ
814 2370 987 2425 πλεονεκτῶν
1002 2386 1053 2439 με,
1078 2367 1244 2437 τρισαύγου·

143 2455 206 2507 ors,
222 2435 263 2501 εἰς
279 2433 315 2492 rol
331 2434 483 2508 τζαγγᾶρια
497 2435 667 2509 εὑρίσκεται,
683 2438 866 2503 Καὶοπόᾶιος
881 2439 1009 2496 nimirum.
1040 2438 1101 2493 vida
1110 2432 1247 2493 Iustiniani

143 2514 232 2568 aetate
247 2508 416 2580 imperatores
432 2508 482 2563 ium
498 2508 599 2580 mangis
611 2524 680 2563 usos.

228 2613 294 2673 ibid
330 2605 387 2687 τᾶς
410 2607 591 2696 rcoooriproc.
621 2614 736 2673 dubitet
762 2611 903 2675 Meuralus
923 2630 991 2672 num
1014 2610 1066 2669 viri
1095 2611 1189 2688 docti,
1218 2611 1251 2669 id

143 2703 189 2757 est
212 2696 335 2776 Iunius‚·
354 2692 510 2779 πρόκυψιν
536 2705 613 2760 recte
633 2703 747 2757 vertant
769 2704 920 2759 oratorium.
960 2697 984 2755 si
1011 2714 1070 2755 non
1091 2700 1167 2754 recte
1187 2714 1251 2754 ver-

143 2788 229 2861 umt,
249 2804 299 2843 cur
314 2803 373 2843 non
382 2784 480 2842 melius
495 2785 566 2861 quid
582 2782 733 2861 suggeris?
753 2783 781 2859 si
803 2784 930 2863 coculam
947 2783 1038 2861 ipsam
1055 2778 1139 2839 nimis
1156 2798 1251 2857 grom-

143 2870 247 2930 motice
267 2888 386 2946 urgeas,
413 2866 570 2950 πρόκυψις
589 2889 649 2929 non
676 2874 722 2928 est
747 2870 916 2945 oratorium,
944 2868 997 2925 scd
1023 2866 1101 2925 locus
1126 2860 1250 2924 eminenss

145 2956 219 3031 tior,
245 2955 322 3013 unde
343 2955 496 3033 imperator
519 2955 654 3032 eminere,
681 2953 843 3032 prospicere
869 2958 899 3010 et
922 2957 1103 3030 prospectore
1125 2970 1180 3009 seu>
1198 2951 1250 3009 de

143 3044 277 3117 spectare
294 3046 416 3117 poterat
443 3040 468 3098 si
485 3059 546 3099 rem
565 3041 657 3117 ipsam
677 3038 897 3114 considemus,
918 3032 1078 3117 ’πρόκυψις-
1094 3041 1139 3095 est
1158 3042 1249 3096 croto-

144 3130 231 3199 rr‘ron,
265 3125 333 3199 quia
357 3124 435 3183 locus
470 3124 517 3183 ille
546 3125 611 3182 sine
637 3125 724 3182 dubio
758 3142 817 3181 nou
845 3126 907 3182 erat
942 3140 976 3180 eo
1017 3120 1174 3179 destinatus
1211 3125 1248 3179 ut

144 3210 299 3289 imperator
311 3210 377 3268 inde
386 3215 498 3269 tantum
507 3210 691 3289 prospiceret,
705 3208 757 3266 sed
771 3214 805 3265 ut
817 3209 858 3265 rei
872 3207 981 3284 divinae
995 3210 1025 3263 et
1038 3207 1166 3285 precibus
1178 3222 1250 3281 qum

145 3314 203 3370 que
215 3295 368 3352 fundendis
382 3314 498 3377 operam
511 3295 599 3354 daret
620 3296 696 3356 unde
708 3294 746 3353 ab
756 3292 883 3353 oratione
895 3290 950 3351 illio
965 3288 1025 3365 fieri
1039 3292 1123 3353 solita
1138 3294 1251 3351 oratorii

141 3379 299 3461 appellatio
312 3379 375 3439 loco
388 3381 514 3440 accessit
1061 3394 1063 3399 ·

214 3478 251 3531 rb.
267 3496 296 3535 r.
322 3476 363 3531 14.
385 3474 515 3547 τζαγγάς]
539 3476 600 3547 qnia
623 3492 756 3529 commune
777 3478 805 3529 et
819 3474 872 3529 vde
885 3472 1055 3543 τζαγγα-ρίου
1069 3488 1162 3527 nornen
1179 3472 1249 3542 apud

143 3548 281 3616 Graecos,
297 3543 430 3614 τζαγγάς,
454 3546 528 3616 quari
544 3544 662 3615 digniore
678 3544 782 3599 honoris
802 3545 876 3599 titulo
898 3545 1023 3609 donatus,
1049 3543 1152 3598 sallom
1174 3550 1249 3597 rotor

141 3623 261 3671 vocetur.
294 3632 328 3669 au
343 3632 395 3668 non
410 3618 477 3669 ficus
493 3633 595 3685 semper
609 3616 675 3668 ficus
692 3622 720 3667 et
736 3614 833 3685 scaphs
845 3613 969 3685 scapbet

214 3718 250 3775 it.
264 3735 291 3773 v.
310 3716 353 3775 15.
367 3712 575 3787 ororddrrooloo]
594 3718 712 3770 coiaco
737 3722 887 3771 commutato
912 3712 965 3785 vox
986 3712 1078 3775 πῶλος
1099 3712 1175 3767 elteri
1197 3711 1249 3766 ad-

61 3808 64 3815 *
142 3787 231 3842 iuncta
244 3786 419 3841 diminutivum
435 3787 496 3856 qnid
511 3804 612 3858 semper
627 3793 716 3847 sonate
731 3786 792 3839 hinc
808 3782 1004 3839 ucrddaooloo
1017 3784 1170 3847 adolescens,
1180 3798 1249 3850 poor

143 3860 314 3924 honorarius,
346 3859 424 3925 prout
443 3857 559 3925 superios
580 3850 612 3910 τὸ
638 3849 813 3909 derdoooloo
834 3859 868 3907 et¹
885 3846 1117 3907 otoamdnomoo
1131 3867 1247 3923 porcam

144 3928 281 3998 aquilum,
296 3942 411 3997 porcum
427 3925 558 3979 domim
574 3927 674 3992 reterre
690 3924 785 3979 dictum
803 3928 852 3978 est
909 3940 911 3947 ’

145 4068 148 4070 Δ
228 4032 296 4093 illd.
323 4030 420 4089 Iunius
436 4031 506 4109 legit
528 4035 584 4094 rori
606 4031 787 4111 denomplou.
809 4019 908 4104 ἐντός,
938 4032 968 4085 et
995 4025 1060 4085 huic
1084 4042 1154 4085 suae
1182 4024 1251 4082 scri-

143 4123 248 4199 pturae
261 4118 332 4177 mira
346 4118 497 4195 phasmata
509 4117 688 4196 superstruit,
701 4113 881 4176 adverbum:
902 4115 1026 4173 oerb'oro‘o'
1038 4112 1107 4189 qood
1122 4118 1161 4195 est
1174 4112 1249 4167 intur

142 4199 262 4285 (nempe
275 4204 305 4261 in
320 4204 434 4261 cerebro
444 4200 531 4282 Iunii)
551 4209 578 4261 et
589 4205 732 4262 interim
761 4206 792 4259 et
812 4218 878 4260 mox
897 4200 954 4259 tria
973 4199 1102 4259 ceramo
1121 4193 1246 4270 adducit,

141 4293 302 4351 maurim
316 4289 430 4368 proprie
444 4289 551 4347 dictum
562 4307 580 4347 a
592 4293 688 4365 reste,
709 4295 739 4345 et
751 4286 912 4345 vestiarium
927 4284 1020 4343 nrinus
1033 4280 1145 4361 proprie
1159 4298 1246 4358 ταμι-

143 4380 226 4454 εῖον,
252 4380 285 4436 et
301 4374 462 4440 vestarium
474 4374 632 4439 meum
654 4372 768 4456 peleti,
797 4390 849 4455 per
868 4368 1041 4435 catachresin
1058 4384 1109 4428 seu
1125 4362 1244 4427 almum
