3092 4942
465 405 467 408 -
513 354 560 426 IN
585 355 915 428 cumuletur.
1195 359 1271 432 255

168 543 245 606 μινα
258 525 326 584 aaut
339 519 439 599 πολλα,
456 519 584 600 nudae.
602 524 633 580 et
649 519 723 582 infra
741 538 765 582 ι.
788 520 829 584 16
850 519 952 582 dicitur
975 513 1040 584 α’πί
1058 523 1116 588 τοῦ
1135 515 1270 604 κονίοσου

169 608 231 670 dari
245 626 313 688 pars
328 605 427 684 quinta
439 605 614 683 imperatori:
635 605 731 684 inepte
744 603 842 666 quiue
855 626 889 672 ω
903 625 999 682 curru,
1018 613 1096 668 verte
1116 627 1151 668 ea
1171 609 1285 688 rpoliia

168 694 270 770 quinta
279 711 347 772 pare
359 692 434 750 cedit
447 690 602 751 rationibus
613 709 665 754 μου
679 690 787 752 aerario
803 691 894 770 regie,
914 693 1128 773 umuporpla3
1144 689 1200 773 'pro
1212 712 1272 771 quo
1309 705 1312 710 “

168 780 259 840 codex
273 777 342 834 vitio
357 775 460 836 librarii
474 777 684 856 πανταμοιρλα.
710 777 775 836 vide
791 773 899 855 Rigalt.
920 777 952 837 in
972 775 1076 836 (ἕλοιο.
1096 797 1124 838 v.
1145 773 1271 860 κούρση,

167 863 218 924 ubi
232 862 341 922 Iunium
354 859 534 940 reprehendit
547 861 624 936 quod
640 855 701 922 α’πδ
712 865 773 922 τοῖν
787 860 1034 942 κουοσευομίνων
1043 882 1073 940 p.
1088 862 1160 930 59c
1173 863 1194 927 5
1207 882 1272 924 ver-

167 950 206 1008 tit
218 969 237 1008 α
252 947 398 1008 cusanam
404 989 413 1021 ,
436 945 502 1023 quia
511 945 676 1006 vertendum
688 951 750 1005 eret
763 965 797 1010 eu
808 947 910 1048 apuleii,
923 967 957 1006 ιτ
966 948 1078 1026 praeda.
1098 947 1166 1008 hine
1178 970 1272 1029 neup-

169 1027 288 1104 σείειν,
310 1037 341 1092 et
361 1035 394 1091 ut
415 1031 445 1092 in
468 1030 676 1110 Turcogreecia
694 1048 880 1113 κουρσσυουν
897 1031 1042 1111 μιαιίαιί,
1086 1034 1209 1110 pulcri,
1225 1034 1272 1094 sic

166 1139 199 1200 p.
220 1119 261 1182 57
279 1113 432 1197 διφίνσωρ
450 1119 511 1178 των
528 1111 756 1200 κουρσευόντων
775 1117 878 1176 rectius
897 1118 1026 1177 redditur
1044 1117 1164 1196 &senaar
1180 1137 1270 1180 eorum

167 1207 219 1284 qui
230 1207 307 1262 extra
321 1200 435 1260 ordinun
447 1204 477 1261 in
492 1201 577 1262 lorter
592 1203 770 1284 proeunendo
781 1202 849 1262 dunt
863 1206 988 1280 impetunt
1005 1207 1031 1260 et
1047 1209 1110 1264 urite
1127 1221 1212 1264 οαναι
1224 1203 1270 1262 di.

166 1292 275 1352 micant.
296 1304 422 1348 canores
443 1285 517 1347 enim
536 1305 587 1350 seu
603 1280 818 1368 κουρσιιίοντες
837 1293 907 1347 eunt
928 1281 1080 1368 πρόμαχοι
1098 1286 1131 1350 οἱ
1144 1285 1270 1370 προκρί-

124 1384 126 1388 ‘
166 1395 270 1456 ηοντες
283 1375 337 1452 τῆς
350 1364 540 1452 παρατάξεως
554 1371 587 1435 ἕν
600 1375 639 1456 τῇ
657 1373 796 1457 συμβολῇ
809 1376 866 1432 τοῦ
879 1372 1011 1450 πολέμου
1030 1370 1167 1444 καὶτοῖς
1188 1367 1269 1448 prei-

166 1477 274 1542 μουσιν
292 1457 411 1538 ἐχθροῖς
426 1451 516 1531 ὀξέως
532 1453 749 1536 ἐπιτιθέμενοι,
770 1462 803 1515 ut
818 1457 858 1516 ait
873 1459 903 1518 in
919 1457 981 1516 auia
996 1455 1119 1516 Tecticie
1132 1454 1194 1518 Leo
1214 1459 1268 1517 im·

166 1552 289 1624 perator.
309 1543 376 1602 item
389 1559 515 1602 cursores
525 1547 593 1606 eunt
604 1540 733 1620 ἔνυδροι,
753 1548 788 1602 ut
800 1542 875 1602 idem
888 1543 1040 1620 imperator
1052 1543 1151 1616 docet3
1172 1543 1266 1619 deque

165 1629 211 1690 his
221 1629 345 1704 loquitur
356 1625 548 1704 Curopalata‚.
562 1645 622 1688 non
636 1632 731 1688 autem
744 1627 782 1685 de
794 1627 969 1705 cursoribus,
990 1647 1063 1704 quoe
1080 1627 1181 1686 Graeci
1196 1629 1268 1706 ‹lpo-

165 1721 247 1796 μοῖς,
268 1711 365 1774 Latini
376 1712 490 1792 proprie
503 1731 619 1771 ιυττοτιι
639 1711 796 1773 nominant
816 1713 901 1773 etiam
915 1711 1025 1772 Latinis
1039 1713 1149 1772 mediae
1162 1711 1266 1772 aetatis

164 1803 282 1860 aaroni
300 1803 369 1858 runt
389 1797 546 1878 praedones
567 1801 598 1860 et
617 1797 743 1880 piratae,
763 1796 813 1876 qui
834 1803 924 1860 terrae
943 1803 974 1861 et
991 1798 1079 1860 meria
1095 1816 1148 1880 pra

162 1885 258 1966 gretia
272 1888 446 1962 percurrant.
1137 1912 1141 1918 ·

251 1967 296 2030 De
310 1967 501 2046 pentumoeria
513 1967 673 2046 imperatori
684 1986 719 2030 en
732 1966 832 2048 epoliie
843 1967 940 2028 danda
952 1967 1067 2045 elegans
1079 1969 1174 2027 exstat
1186 1963 1266 2024 locus

162 2055 195 2114 in
218 2053 335 2112 historia
357 2053 469 2112 loannis
488 2053 692 2114 Cautacureni:
717 2073 783 2114 nam
806 2073 870 2113 cum
895 2054 1023 2113 debello
1043 2053 1080 2112 ab
1103 2049 1266 2110 Andronico

161 2141 332 2218 imperatore
354 2139 488 2198 adversae
512 2136 638 2200 Albanos
661 2145 743 2216 gesto
763 2140 933 2220 partitieque
952 2139 1014 2198 aine
1031 2155 1148 2197 numero
1167 2135 1266 2214 apollin

161 2226 244 2304 agit,
263 2226 304 2284 sic
316 2228 427 2303 praeter
443 2228 554 2287 caetera
570 2223 675 2286 scribit
693 2221 785 2296 ἔθους
798 2222 831 2288 dl
846 2220 936 2300 ὄντος
949 2218 1097 2304 πρότερον
1116 2223 1157 2300 ref
1176 2238 1266 2299 στρα-

162 2315 234 2396 τιᾷ,
255 2304 378 2372 turoldo
391 2329 474 2382 τινος
493 2305 664 2388 κρατήσωσι
684 2303 803 2385 λείαςκῖ
821 2309 961 2382 πλείονος
978 2303 1191 2390 ἢλλᾶττονος,
1209 2300 1267 2384 τήν

161 2397 302 2477 πέμπτην
324 2399 434 2474 μοῖραν
452 2391 591 2474 παρέχειν
613 2387 764 2474 ἆριστιῖον
782 2395 913 2474 βασιλεῖ,
933 2392 987 2456 καλ
1008 2386 1069 2474 μετ’
1086 2391 1204 2456 ἐκεῖνον
1223 2392 1268 2474 τῷ

163 2475 283 2565 μεγάλῳ
298 2479 460 2562 δομεστίκμ
476 2477 545 2558 ίσην
559 2472 610 2540 olu
623 2475 663 2559 (λη’
682 2483 738 2559 τῆς
759 2473 919 2584 συμπάσης
936 2475 1095 2562 ἡγουμένῳ
1118 2478 1267 2554 στρατιᾶς,

162 2561 231 2629 τότε
248 2556 340 2628 οὐδὲν
355 2561 483 2628 ἐποίουν
496 2567 557 2626 roiu
573 2558 745 2638 εἰωθότων,
766 2562 839 2628 ονδὲ
852 2587 898 2637 τις
913 2558 1042 2644 ἠνώχλει
1062 2555 1175 2636 αιίτοιίς
1195 2557 1267 2637 περὶ

163 2654 221 2730 τῆς
234 2647 370 2728 πέμπτης
392 2649 517 2729 μοίρας,
538 2641 603 2710 a'tt'
620 2643 720 2730 ὅσπερ
739 2647 770 2722 ἐξ
788 2642 927 2711 αέννάων
948 2651 1093 2723 ποταμῶν
1106 2645 1178 2724 ἐξῆν
1193 2638 1267 2708 ἕκαλ-

165 2755 245 2822 στιμ,
261 2729 341 2798 ὅσων
354 2727 394 2796 ἄν
404 2729 562 2815 βούλοιτο,
583 2725 689 2815 καίριος
706 2730 861 2816 γενέσθαι.
898 2733 969 2794 lraec
982 2735 1206 2803 Cautacuzenus.
1279 2735 1303 2793 P
1319 2739 1372 2795 20⁷

249 2863 287 2924 ib.
308 2880 335 2922 v.
363 2862 413 2925 17.
441 2860 510 2921 dicit
537 2857 665 2918 Codinus
695 2864 930 2938 protostratorem
959 2880 994 2920 er
1023 2859 1131 2938 praede
1162 2872 1265 2937 capere

162 2941 265 3011 πάντα
286 2941 324 3008 rel
343 2946 479 3023 ποικίλα,
507 2963 580 3020 quae
597 2943 754 3022 appellatur
776 2944 909 3021 φοτίλια.
936 2963 1009 3020 quae
1026 2946 1065 3002 ait
1079 2945 1152 3002 ratio
1178 2942 1263 3001 huius

161 3033 299 3109 nominis,
319 3032 445 3090 nondum
465 3049 484 3098 a
508 3030 574 3086 viris
597 3031 687 3088 doctis
707 3029 875 3107 explicatum
894 3036 954 3089 est:
978 3049 1044 3091 nam
1067 3030 1144 3105 quod
1164 3025 1262 3088 Iunius

158 3119 261 3198 futilia
273 3117 377 3194 vertit,
397 3117 427 3176 id
443 3133 595 3195 paucorum
610 3114 817 3194 approbatione
835 3114 910 3176 secie
930 3121 999 3176 sunt
1020 3115 1069 3192 qui
1084 3114 1269 3195 srrepicentur

161 3204 313 3283 legendrun
327 3196 460 3284 βιιοὶλια,
480 3199 535 3260 hoc
547 3206 593 3259 est
606 3200 744 3260 victualia.

233 3317 297 3372 ilid.
325 3333 388 3371 vere
403 3315 501 3385 Jutilio
524 3318 584 3369 runt
606 3318 634 3368 et
661 3313 795 3398 pueriliter
816 3333 833 3372 a
856 3314 1006 3388 quibusdem
1024 3314 1125 3382 ingente
1143 3312 1210 3367 circe
1230 3306 1265 3367 ιδ

163 3387 307 3456 φοτλλιον,
325 3385 394 3456 quod
413 3384 522 3439 Graecis
536 3383 737 3450 recentioribus,
754 3383 822 3438 sicut
838 3391 865 3440 et
875 3379 1012 3439 Τοτοίιτό
1023 3385 1089 3449 fitil,
1105 3383 1174 3453 qnod
1185 3383 1265 3452 primo

160 3460 247 3512 'refert
266 3457 437 3524 ellychnium,
463 3452 554 3508 deinde
567 3459 662 3520 funem
678 3453 813 3522 pyritem
834 3473 884 3524 quo
902 3454 994 3508 militer
1021 3453 1154 3508 tormentis
1174 3452 1267 3521 explo-

163 3527 252 3580 dendir
271 3525 366 3578 diutius
384 3529 489 3576 terrent
506 3523 606 3590 ignem,
632 3523 720 3576 καλιλι
740 3521 765 3573 d’
786 3526 949 3594 aequatura,
978 3522 1064 3575 ultimo
1093 3521 1266 3574 vulnerarium

161 3596 310 3666 paericulum
328 3611 344 3646 a
361 3593 486 3661 chirurgia
501 3592 534 3644 ad
553 3591 659 3643 vulnere
675 3590 817 3659 probanda.
850 3593 987 3664 spoliorum
997 3592 1083 3660 itaque
1094 3597 1191 3660 partem
1203 3608 1266 3672 pro-

162 3664 296 3718 tostratori
314 3662 467 3730 assignatam
484 3660 615 3713 vocabant
630 3659 722 3712 militer
740 3660 869 3730 φυτίλια,
888 3661 960 3732 quasi
972 3660 1004 3713 ad
1022 3660 1090 3712 linea
1100 3661 1142 3711 rel
1154 3666 1266 3728 pyritem

162 3731 335 3802 comparanda
352 3731 410 3784 lere
430 3729 613 3784 adminiculum.
648 3728 687 3782 aio
703 3727 846 3782 officiorum
863 3730 977 3800 praemia
995 3729 1092 3782 Graeci
1108 3728 1183 3781 iidem
1193 3745 1265 3796 μοι·

163 3802 254 3869 τίλια,
278 3800 407 3854 Gallicum
430 3799 523 3866 vulgus
552 3797 726 3861 chirothecas,
768 3799 890 3851 uellurum
917 3797 1028 3850 acicular
1053 3805 1095 3849 etc
1111 3797 1214 3861 οἰοοιιί,
1235 3804 1266 3849 ut

163 3870 232 3938 grati
249 3870 333 3939 potius
350 3867 425 3921 enimi
443 3872 627 3920 monumentum
646 3883 720 3948 quarn
740 3814 821 3918 ‹labrti
836 3868 977 3921 mercedem
1001 3873 1029 3919 et
1050 3866 1111 3919 vilia
1133 3883 1267 3920 mercena-

163 3940 258 3992 riorum
277 3935 400 4007 obaequia
412 3942 575 4006 compensata
587 3941 739 4005 exprimant.
774 3951 897 4004 quaenam
907 3942 990 3989 autem
1002 3935 1115 4002 φννίλιοι
1127 3934 1265 4002 cernenda,

162 4013 284 4078 reparate
308 4025 340 4060 ex
369 4005 459 4074 Regiis
482 4021 545 4057 vera
568 4020 740 4074 germanaque
764 4003 876 4056 lectione
898 4004 1017 4060 ἁλιιὶιοοο
1035 4021 1092 4057 erre
1108 4004 1163 4058 τῶν
1180 4021 1265 4069 κουο-

162 4072 320 4145 οευομένων
337 4071 415 4148 ζῴων
430 4071 524 4126 πάντα
540 4069 576 4126 τοὶ
593 4073 720 4140 ποικίλα,
738 4072 912 4128 animantium
926 4076 1029 4144 praedo
1040 4079 1173 4142 captorum
1184 4089 1265 4141 ηυντ·

163 4163 263 4216 cunque
274 4146 338 4214 pilia
356 4153 380 4198 et
399 4145 481 4198 colore
496 4149 558 4196 eunt
576 4144 670 4196 ouria:
688 4141 795 4212 quaeris
812 4142 880 4197 euim
895 4141 1031 4196 discoloria
1042 4143 1116 4195 etiem
1126 4141 1203 4194 hodie
1214 4157 1263 4192 ro·

162 4223 224 4268 cant
240 4215 369 4283 ποικίλα,
388 4213 526 4284 eademque
542 4210 569 4265 in
585 4211 779 4284 protortmtoria
794 4217 890 4267 nortem
905 4230 939 4267 ex
953 4211 1052 4284 praeda
1068 4210 1202 4279 obu'uguut
1212 4225 1260 4263 oen

121 4371 124 4375 ’
160 4300 216 4340 em
232 4282 374 4429 ίίπίίιλο.
391 4361 429 4426 rol
444 4360 657 4441 προστάγματα]
674 4353 833 4439 lordum
848 4369 926 4424 vocat
941 4363 986 4424 lue
1004 4366 1059 4422 GR
1075 4356 1261 4444 opimetur.
