3092 4942
283 303 359 384 414

316 472 344 528 15
366 469 443 526 altum
467 469 637 534 1511115588,
663 466 705 526 11.
722 469 818 524 1555115

317 539 540 594 acclamationibus
562 538 688 592 salutatur
709 541 761 605 89,
787 542 813 594 1.
848 582 853 590 .

316 610 344 665 15
361 612 390 662 S.
404 609 515 679 Sophiae
534 625 608 662 sacco
629 613 655 659 et
674 608 816 662 diademate

336 678 388 730 5155
405 678 560 730 consecratis
578 677 689 730 induitur
706 679 768 731 idid.
786 679 814 731 6.

316 763 345 800 un
356 745 498 801 anabathra
510 746 622 799 sublimis
638 746 751 799 considet
762 763 816 800 ma-

316 820 357 869 tre
379 831 508 876 coronam,
529 814 635 882 coniuge
658 821 816 884 55515555-

316 890 389 936 rente
406 885 467 938 ibid.
487 887 528 940 19.
548 886 590 938 20.
609 883 750 952 patriarcha
768 901 815 952 pro

315 952 376 1034 imp:
395 959 514 1036 precatus
530 953 557 1005 in
574 953 690 1036 formam·
701 969 736 1006 ss.
754 969 816 1006 cru·

315 1021 816 1159 151110111111111

232 1186 235 1195 ·
315 1164 450 1226 repetente
472 1159 522 1226 90,
544 1163 577 1212 10
593 1176 681 1228 sqq.a
702 1160 817 1228 patriar-

316 1227 365 1280 cha
388 1232 414 1279 et
437 1233 510 1296 patre
535 1235 670 1281 coronatus
692 1230 754 1280 ibid.
771 1230 814 1282 20.

317 1311 352 1348 ss.
370 1311 469 1349 crucem
480 1302 549 1350 tenet
559 1297 634 1367 imp„
650 1297 755 1366 palmam
766 1297 815 1349 im·

315 1363 438 1434 peratrix,
449 1365 634 1434 decantatoqne
642 1365 746 1433 trisagio
756 1383 815 1417 sur-

316 1433 356 1500 git
379 1434 428 1497 92,
449 1435 814 1502 22-93,3.15555551555

316 1501 430 1554 diaconis
446 1507 555 1554 vocatus
571 1502 602 1554 ad
614 1502 742 1570 protheain
754 1519 817 1572 per·

316 1570 355 1636 git
372 1576 400 1621 et
420 1571 551 1639 mandyam
566 1570 667 1622 indutus
683 1578 754 1624 tenet
770 1589 815 1624 ec·

316 1638 482 1690 clesiasticum
519 1639 630 1708 deputati
664 1639 760 1705 locum,
788 1644 815 1693 et

316 1721 407 1774 agmen
424 1706 618 1777 supplicantium
634 1726 724 1777 magno
738 1725 815 1778 prae·

315 1775 431 1842 graditur
469 1775 589 1828 comitato
623 1779 672 1840 93,
709 1781 742 1832 16
759 1797 814 1847 sqq.

315 1845 391 1896 thure
409 1848 436 1896 et
459 1851 535 1896 cautu
553 1845 691 1898 honoratus
708 1847 733 1898 in
751 1863 816 1899 ana-

314 1913 406 1965 bathra
429 1913 502 1966 sedet
524 1914 655 1983 surgitque
674 1915 706 1967 ad
723 1915 816 1968 lectio·

314 1999 372 2034 nem
390 1982 513 2048 symboli,
535 1984 570 2034 ad
593 1984 758 2037 elevationem
775 2001 813 2041 aa.

314 2049 431 2120 corporis
455 2056 482 2102 51
505 2051 643 2106 orationem
665 2052 814 2106 dominicam

313 2120 365 2184 95,
383 2118 494 2173 4-20.
519 2121 743 2176 communicaturus
765 2139 814 2175 vo-

314 2195 387 2241 catur
404 2204 420 2239 a
445 2187 559 2242 diaconis
582 2197 610 2242 51
628 2207 724 2244 sacram
741 2207 813 2242 men-

312 2273 367 2312 sam
384 2256 411 2307 in
431 2273 467 2312 ss.
490 2257 573 2312 crucis
594 2261 701 2312 sormam
724 2259 814 2312 incen-

312 2330 356 2378 sat
379 2326 430 2389 95,
452 2327 588 2389 21-96,
616 2331 642 2383 2.
667 2328 814 2398 imperatori

312 2391 393 2443 thuris
422 2393 541 2444 honorem
563 2394 680 2447 redhibet
704 2398 814 2464 patriar-

313 2459 362 2512 cha
385 2459 437 2523 96,
461 2461 491 2512 6.
510 2460 542 2512 ad
570 2477 593 2513 s.
617 2465 814 2517 communionem

313 2527 418 2598 deponit
433 2544 567 2592 munnam,
584 2545 658 2596 quam
670 2538 731 2600 post
748 2533 815 2596 reci7

332 2597 354 2648 it
369 2597 431 2650 ibid.
448 2599 474 2652 7.
493 2597 534 2650 15.
557 2598 670 2652 antidoto
691 2607 717 2652 et
734 2601 815 2654 hene-

313 2615 423 2718 dictione
441 2666 553 2736 acceptis
570 2671 597 2718 et
619 2670 814 2724 catechumeno-

313 2751 369 2787 rum
387 2743 512 2803 occupato
538 2735 593 2789 loco
618 2737 743 2792 accinitur
767 2757 814 2793 ve-

313 2804 377 2856 latis
390 2803 467 2872 impp.
485 2811 511 2856 et
526 2805 629 2857 remotis
648 2807 712 2860 velis
729 2809 815 2864 acola-

286 2881 298 2901 ]
313 2881 397 2924 matur
414 2873 464 2937 96,
486 2874 618 2940 16-97,
643 2877 667 2929 5.
693 2877 726 2930 ad
743 2878 814 2946 pala·

313 2941 376 2994 ilum
394 2940 552 2996 deducuntur
570 2943 680 3013 ‘¹⁸⁸9otis
696 2947 813 3016 ‘quim'
845 2978 993 3048 imperatrix
1009 2987 1091 3034 mater
1106 2981 1222 3035 coronati
1237 2981 1263 3033 in
1280 2980 1377 3033 anaha-

871 3051 936 3101 .thra
952 3057 1038 3118 gestat
1063 3066 1196 3115 coronam,
1212 3067 1280 3104 nova
1296 3050 1378 3118 impa-
1533 3097 1534 3126 ,

861 3117 959 3176 ,natrix
978 3127 1073 3172 sertum
1092 3123 1141 3185 89,
1161 3123 1205 3172 20,
1222 3121 1265 3170 1115
1281 3136 1378 3171 ramum
1448 3155 1451 3170 .

313 3010 382 3064 tibus
408 3012 459 3077 97,
482 3014 508 3065 7.
538 3015 744 3096 stemmatophori
767 3032 813 3067 ac·

313 3077 432 3132 cumbunt
455 3096 545 3147 magno
571 3081 709 3136 domestico
740 3083 813 3136 mini·

312 3153 411 3201 strante
432 3148 495 3201 ibid.
521 3151 561 3202 17.
585 3149 677 3219 duplex
700 3151 812 3220 epicom-

312 3216 409 3270 biorum
427 3217 457 3268 lit
473 3217 569 3286 sparsio
587 3220 636 3288 98,
654 3223 679 3273 2.
698 3222 812 3289 qualar·

311 3285 407 3353 gitione
428 3287 518 3338 volunt
543 3304 628 3340 omnes
653 3305 737 3342 secum
756 3291 811 3342 lae·
857 3338 861 3347 ‚

311 3354 362 3406 tari
379 3354 455 3425 impp.
473 3356 536 3408 ibid.
555 3359 597 3412 10.
610 3374 641 3409 55
654 3357 752 3434 laetitia
765 3377 811 3428 per

312 3423 400 3506 epulas
418 3424 558 3493 multasque
581 3427 657 3479 serias
680 3428 810 3510 continuat

311 3492 810 3646 1118513101..1111,εὲ

311 3645 384 3680 cares
401 3629 513 3698 clypeati
536 3646 591 3683 cum
617 3632 728 3700 equestri
750 3649 810 3702 imp.
857 3653 860 3663 ·

311 3695 420 3762 imagine
451 3699 502 3763 99,
525 3700 542 3753 9
565 3717 619 3769 sqq.
648 3701 811 3770 imperatoris

312 3765 418 3817 amictus
434 3765 460 3818 in
486 3769 614 3825 creatione
636 3768 759 3839 despotae
782 3776 811 3824 et

312 3835 522 3888 sebastocratoris
535 3841 599 3906 100,
611 3840 637 3895 6.
648 3840 673 3892 15
690 3840 809 3908 designa·

312 3903 381 3955 tione
406 3904 565 3972 patriarchae
595 3910 658 3973 102,
686 3911 730 3964 20.
755 3908 809 3961 eius

312 3971 422 4026 formula
445 3989 495 4041 qua
512 3973 643 4044 despotam
660 3982 732 4038 creat
750 3981 809 4044 100,

313 4044 355 4096 10.
374 4058 426 4112 qua
441 4042 611 4110 patriarcham
628 4047 692 4110 103,
712 4051 752 4102 18.
765 4063 812 4115 pe-

313 4109 353 4162 dis
375 4111 486 4163 osculum
510 4120 630 4165 acreato
654 4115 747 4184 accipit
763 4117 811 4168 de-

726 305 935 393 ccursant

880 471 977 526 55115115
995 470 1060 536 100,
1073 469 1114 526 14.
1124 466 1303 538 impingentis
1313 483 1379 522 can·

881 541 941 594 dida
957 546 983 594 et
1002 539 1093 592 citrina
1108 539 1258 591 5551155515
1269 539 1332 604 106,
1349 539 1378 592 4.

881 611 906 664 5.
924 609 1000 663 aulici
1017 614 1044 661 et
1067 625 1101 677 po
1118 609 1175 661 ulus
1191 623 1247 659 cum
1262 607 1320 674 imp.
1337 607 1379 659 lu-

880 687 944 800 dim
959 675 1049 748 pullati
1063 626 1118 732 106

1119 716 1128 741 ,
1146 678 1187 731 11.
1205 675 1305 742 cognati
1316 675 1377 744 imp.

908 765 983 801 verso
1004 748 1057 798 ritu
1078 746 1167 812 lugent
1188 746 1252 798 ibid.
1279 746 1322 801 12.
1346 745 1380 797 ad

880 818 978 870 iontem
1004 815 1049 866 551
1082 812 1238 867 Blachernai
1270 830 1380 880 sponsae

881 885 982 938 obviam
999 884 1053 936 exit
1070 884 1131 951 imp.
1155 899 1233 952 eques
1250 883 1317 948 107,
1337 883 1381 936 13.

882 954 924 1009 14.
942 957 1008 1017 108,
1024 955 1050 1006 2.
1068 958 1153 1005 vaus
1168 958 1249 1003 mutat
1264 951 1291 1003 iu
1310 952 1381 1004 uati-

866 1022 993 1086 51117,
1013 1023 1055 1075 13.
1074 1023 1123 1083 51,
1140 1022 1182 1073 2).
1200 1020 1268 1072 5115
1289 1020 1381 1088 palmis

883 1093 932 1155 67.
956 1091 997 1144 13.
1023 1090 1077 1143 eius
1099 1089 1167 1142 filius
1189 1089 1277 1142 eadem
1292 1095 1381 1156 gestat

879 1161 1040 1226 indumenta,
1066 1159 1088 1212 si
1109 1166 1243 1210 coronatus
1264 1157 1316 1220 site
1339 1157 1381 1209 sin

880 1229 1062 1351 ttttdtt
1072 1227 1380 1365 lliilffllffiii'

1368 1334 1380 1362 2

883 1370 908 1421 7.
920 1363 1075 1434 nudavere,
1090 1365 1244 1431 oratorium,
1261 1381 1312 1416 nou
1321 1370 1382 1419 erat

880 1436 1047 1501 destinatum,
1060 1442 1090 1488 at
1100 1434 1237 1504 imperator
1246 1433 1305 1485 iude
1315 1449 1381 1501 pro-

880 1505 1006 1574 spiceret,
1023 1503 1068 1556 sed
1091 1503 1130 1555 rei
1151 1503 1253 1556 divinae
1266 1501 1381 1553 iuteres-

881 1575 996 1631 551253.
1017 1572 1141 1641 quomodo
1165 1571 1207 1624 lex
1229 1577 1380 1639 peutamoe-

881 1642 936 1695 riae
951 1659 1001 1693 non
1018 1658 1119 1711 semper
1140 1640 1379 1704 555515515155511,

881 1716 911 1763 ut
927 1710 1073 1779 imperatori
1093 1709 1179 1778 quinta
1200 1725 1259 1778 pars
1282 1709 1379 1778 spolio-

880 1796 935 1832 rum
959 1779 1062 1832 cederet
1083 1779 1142 1833 255.
1165 1779 1225 1847 imp.
1250 1794 1298 1844 pro
1315 1794 1379 1828 con-

880 1847 1013 1902 suetudine
1029 1855 1081 1900 tres
1097 1864 1185 1900 cruces
1201 1845 1331 1898 cinnabari
1348 1846 1378 1898 in

880 1919 966 1970 fronte
984 1917 1070 1969 bullae
1085 1915 1203 1985 exprimit
1218 1917 1277 1969 256.
1293 1915 1377 1983 ipsae·

881 2003 930 2055 que
946 1985 1030 2038 bullae
1047 1985 1124 2054 impp.
1140 1983 1273 2051 imaginem
1290 1982 1379 2052 expri-

880 2060 952 2108 munt
968 2055 1032 2107 ibid.
1049 2052 1209 2122 imperatoris
1221 2058 1336 2121 potestas
1348 2052 1378 2104 in

880 2122 1058 2176 ecclesiasticis
1074 2139 1122 2191 per
1138 2122 1305 2176 adulationem
1320 2138 1379 2173 ser-

879 2194 954 2246 vilem
977 2191 1011 2244 ad
1032 2191 1187 2260 episcopalia
1209 2198 1236 2242 51
1256 2189 1379 2243 sacerdo-

879 2262 942 2314 talia
970 2277 1050 2330 prope
1081 2267 1172 2312 evecta
1198 2260 1248 2314 fuit
1272 2274 1379 2312 munem

879 2332 940 2386 331.
952 2330 1090 2399 palmarum
1101 2329 1145 2382 die
1157 2329 1233 2399 impp.
1243 2344 1320 2396 rogas
1331 2327 1380 2380 da-

880 2401 943 2452 ha'nt
959 2400 1019 2452 311.
1037 2402 1065 2450 51
1085 2398 1147 2449 dare
1163 2399 1299 2451 cessabant
1315 2398 1377 2451 312.

880 2469 942 2522 331.
968 2467 1048 2547 pedes
1071 2467 1191 2520 lavabant
1215 2469 1278 2521 318.
1302 2482 1379 2518 coro-

880 2539 955 2587 natus
969 2551 1030 2603 amp.
1054 2535 1118 2588 alios
1132 2534 1298 2602 dignitatibus
1315 2551 1379 2586 con-

880 2603 986 2654 decorat
1002 2604 1046 2656 551
1064 2604 1147 2658 1115115
1158 2604 1310 2658 5111511367.
1329 2619 1379 2671 pa·

880 2671 1006 2724 triarchas
1024 2673 1153 2742 ponebant
1173 2680 1201 2725 et
1216 2673 1378 2740 deponebant

879 2741 940 2796 372.
956 2741 1017 2810 imp.
1034 2741 1131 2794 Graeci
1153 2741 1181 2794 15
1202 2742 1279 2794 natali
1298 2756 1379 2810 prau-

880 2809 981 2871 dentis,
999 2811 1146 2871 accubantis
1167 2828 1218 2864 nou
1243 2810 1378 2864 assidentis

879 2879 1068 2947 magnificentia
1081 2881 1142 2934 301.

877 3193 1078 3241 tenet·aureum
1108 3184 1201 3241 infixis
1222 3187 1374 3250 unionibos3

877 3257 953 3311 eb'am
969 3257 1043 3310 vidua
1055 3275 1111 3310 cum
1128 3257 1231 3310 himatio
1246 3258 1317 3324 nigro
1328 3258 1374 3320 91,

878 3327 919 3379 15.
933 3329 974 3380 18.
990 3327 1100 3380 creanda
1113 3333 1299 3380 sustentatura
1309 3342 1375 3394 pro-

876 3390 1035 3516 ginqduisctqnel
1051 3396 1172 3515 eqnuchis
1189 3397 1251 3448 ibid.
1268 3398 1310 3516 {L
1328 3397 1374 3450 22.

895 3479 925 3514 55
960 3481 968 3513 1
1087 3481 1184 3518 mersae
1204 3483 1236 3517 oe
1286 3480 1375 3515 ormae

876 3538 981 3584 stemma
996 3531 1133 3602 imponitur
1150 3482 1202 3595 921
1221 3535 1247 3587 3.
1258 3532 1374 3585 exhibito

876 3600 973 3652 honore
990 3617 1018 3652 sa
1037 3601 1092 3653 viro
1114 3602 1252 3655 subiectam
1276 3604 1375 3654 fatetur

876 3669 998 3725 ibid.10.
1018 3670 1073 3724 eius
1094 3671 1225 3724 coronatio
1244 3669 1377 3740 peragitur

876 3739 918 3790 551
947 3754 1003 3791 cum
1036 3739 1197 3808 imperatoris
1229 3741 1270 3792 551
1305 3741 1376 3790 inter

875 3807 977 3875 nuptias
994 3809 1056 3861 idid.
1076 3811 1117 3863 16.
1135 3812 1177 3864 17.
1195 3809 1256 3863 362.
1272 3810 1375 3860 futurae

875 3893 986 3946 sponsae
1010 3877 1155 3946 proceditur
1184 3878 1300 3939 obviam,
1325 3893 1374 3944 ap-

876 3944 950 4014 pellit
973 3946 1005 3998 ad
1028 3948 1123 3999 fontem
1144 3946 1186 3999 551
1210 3947 1380 4016 Blachernas,

876 4030 893 4064 a
915 4017 1037 4066 matronis
1061 4015 1187 4079 induitur,
1211 4014 1276 4083 equo
1299 4015 1374 4084 pala-

876 4081 914 4133 tio
930 4083 1058 4138 invehitur
1078 4087 1144 4152 107,
1162 4087 1195 4138 10
1210 4101 1265 4153 sqq.

311 4183 402 4247 epota,
427 4179 534 4234 diversis
549 4181 672 4252 impositis
688 4191 810 4238 stemma-
842 4183 986 4238 inauratum
1016 4186 1111 4255 Quum
1139 4193 1266 4255 sceptrum
1292 4184 1376 4252 magui

312 4247 419 4314 togyriis
443 4251 510 4315 100,
534 4252 566 4305 15
594 4268 647 4320 sqq.
673 4251 810 4322 imperator

313 4323 365 4370 stat
387 4333 443 4372 cum
463 4335 568 4374 munere
594 4319 708 4391 iungitur
730 4321 810 4393 impe·

876 4255 1015 4322 primicerii
1036 4257 1074 4308 uti
1092 4263 1118 4309 et
1133 4255 1296 4325 imperatoris.
1310 4256 1378 4310 alia-

864 4340 927 4396 ¹que
942 4326 991 4392 19,
1008 4326 1050 4380 16.
1066 4328 1115 4390 ao,
1126 4329 1152 4382 7.
1169 4325 1313 4383 555555
1326 4341 1374 4393 ue-
