3092 4942
271 351 319 420 30
577 299 733 416 'conum
760 347 1057 416 eunomiana

270 521 352 599 ἐντὸς
371 507 471 604 μέντοι
480 567 490 598 ,
517 517 558 598 ὡς
583 520 713 609 εἴρηται,
739 526 794 604 τῆς
814 519 911 605 αὐλῆς
928 518 1037 604 μόνον·
1063 522 1189 605 ἐκβῆναι
1205 517 1238 582 δὲ
1253 511 1365 612 ταύτης

271 621 431 708 ἱππότηςῆ
448 627 593 690 εἰσελθεῖν
604 625 681 690 οὔθ’
698 615 788 701 οὗτος
800 622 868 690 οὔτε
879 650 926 701 τις
938 627 1049 710 ἕτερος.
1098 629 1126 689 εἰ
1145 624 1179 688 δὲ
1199 617 1291 706 δεήσῃ
1307 618 1365 705 ἅρ-

268 725 379 811 χοντάς
400 753 484 804 τινας
506 734 742 810 καβαλλικεῢσαι
765 727 797 790 ἓν
816 735 855 814 τῇ
877 728 972 814 αιἰλῇ,
1000 730 1073 814 πεζῇ
1092 729 1148 809 μὲν
1170 725 1363 811 εῗσέρχονται,

272 829 336 896 εἶτα
358 829 636 913 καβαλλικεῦοιισιν.
686 827 778 894 πάλιν
795 831 829 895 δὲ
845 833 887 906 εἰς
901 829 961 912 τὴν
973 830 1101 912 ἐκβολὴν
1113 829 1214 894 αὐτῶν
1226 822 1365 906 πεζεύον-

271 960 320 1010 τες
343 934 511 1020 ἐξέρχονται
532 936 615 1020 πεζῇ.
666 925 725 1017 ἔχει
742 957 774 997 τε
795 931 899 1000 ἄδειαν
914 930 930 997 ὃ
945 930 1042 1016 κόμης
1054 931 1206 1014 βασιλέως
1217 925 1389 1017 παρόντος5

272 1038 430 1118 βασιλικὸν
453 1032 679 1119 καβαλλικειλειν
700 1032 828 1122 σορτόν,
858 1033 922 1101 οἷον
941 1034 979 1101 ἂν
997 1033 1155 1118 βούλοιτο·
1182 1029 1311 1108 ἀπόντος
1331 1030 1364 1095 ‹i’

185 1153 207 1206 P
227 1153 260 1206 62
279 1139 333 1223 οὐχ
357 1139 462 1216 οὕτως.
514 1137 592 1203 ἀλλὰ
609 1139 795 1224 σαγίσμμτος
807 1144 868 1204 τῶν
880 1145 934 1204 τοῦ
944 1141 1041 1204 ἵππον
1056 1138 1245 1202 σκαπανλιίον
1257 1135 1368 1198 ἔπικιι-
1434 1166 1437 1169 ·

275 1243 366 1326 με’νοα
389 1243 477 1328 μέχρι
501 1243 560 1320 καὶι
573 1247 628 1319 τῆς
649 1237 789 1325 ἡμισείας
812 1243 973 1318 σκίποντος
990 1242 1095 1318 σέλας,
1121 1236 1202 1304 οὕτω
1220 1241 1369 1318 καβαλλι-
1389 1242 1415 1299 ι’

278 1343 355 1410 νεύει
362 1394 372 1424 ,
399 1344 599 1429 ἀπερχόμενος
616 1343 751 1440 ἀλλαχοῦ
767 1346 824 1428 μὲν
839 1345 997 1429 οὐδαμῶς,
1023 1345 1080 1421 ἕως
1094 1343 1129 1408 δὲ
1142 1343 1193 1407 καὶ
1206 1338 1300 1422 μόνον
1313 1343 1370 1404 τοῦ

276 1449 497 1535 στρατορικίοο.
1377 1446 1414 1503 tu

372 1549 470 1626 Ἔθος
487 1551 522 1614 (λε’
536 1575 565 1614 τι
582 1551 631 1613 καὶ
648 1555 736 1614 τοῦτο
753 1549 823 1614 κατ’
840 1546 906 1626 ξ’τος
920 1549 1015 1628 ἐστίν,
1036 1547 1071 1613 τὸ
1085 1546 1164 1612 κατὰ
1178 1545 1233 1612 τὸν
1245 1548 1301 1610 uoti
1314 1566 1371 1624 με·

278 1648 373 1737 χόλου
394 1651 510 1736 Πάσχα
528 1651 634 1738 καιρὸν
648 1655 787 1737 γίνεσθαι
802 1653 910 1729 σε’λλας
922 1651 1085 1734 βασιλικὰς
1099 1653 1149 1715 καὶ
1162 1646 1306 1732 χαλινοὺς
1320 1647 1372 1710 καὶ

279 1753 379 1818 ἐπάνω
401 1756 508 1820 σκέπια
524 1753 623 1820 πάντα
640 1753 745 1835 καινά,
772 1760 823 1820 λαὶ
838 1750 880 1821 ’τὰ
895 1755 1010 1819 παλαιὰ
1025 1752 1191 1838 λαμβάνειν
1205 1748 1305 1816 πάντα
1319 1750 1372 1815 τὸν
1463 1807 1467 1815 .

279 1854 395 1941 κόμητα
402 1907 412 1936 ,
438 1857 504 1941 ἤτοι
526 1859 580 1936 τὰς
596 1859 704 1937 σὲλλας
717 1851 795 1942 μετὰ
807 1866 868 1925 τῶν
883 1859 1065 1943 κομπωσίαιν
1081 1859 1132 1922 καὶ
1147 1854 1219 1933 τοὺς
1227 1851 1373 1939 χαλινοῦς

277 1961 357 2026 οὕτω
372 1960 452 2054 μετὰ·
466 1969 526 2027 τῶν
542 1968 675 2049 τοορῶν.
1179 1992 1182 2000 ·
1380 1957 1415 2014 1⁵
1492 1968 1495 1973 ’

374 2061 422 2128 Ἡ
439 2067 473 2130 δὲ
494 2071 553 2130 τιῦν
576 2065 743 2150 λεγομένων
763 2069 882 2150 cupreis
900 2067 1066 2145 βασιλικῶν
1082 2061 1184 2124 ἵππιον
1198 2053 1373 2141 ἀκολούθη-

279 2193 327 2243 σις
334 2214 344 2244 ,
367 2164 494 2251 ὁπηνίκα
510 2165 713 2252 καβιιλλικεῦῃ
729 2164 744 2230 ὁ
758 2155 919 2246 βασιλεύς,
945 2166 1061 2248 λέγεται
1074 2163 1215 2246 γενέσθαι
1230 2163 1263 2237 ἐξ
1276 2162 1390 2235 αἰτίας.
1438 2194 1449 2230 0.

239 2271 411 2333 Βτοιιῖσιλε.
451 2268 504 2333 τὸν
519 2271 649 2348 βασιλέα
667 2264 819 2354 Θεόφιλόν
836 2293 912 2353 φασι
928 2268 1070 2350 γενέσθαι
1086 2267 1283 2352 φιλοδίκαιον.
1323 2263 1374 2326 ἳπ-

277 2369 372 2452 πότην
389 2361 443 2434 οὖν
460 2365 709 2454 φερόμενόνποτε
717 2417 727 2446 ,
753 2366 927 2453 ὖπαντῆσαί
941 2395 1017 2455 φασι
1032 2378 1159 2454 γυναῖκα
1168 2417 1178 2444 ,
1204 2364 1374 2453 κράζοοσαν

280 2471 390 2553 ἑαυτῆς
405 2469 477 2536 εἶναι
491 2472 543 2535 τὸν
554 2474 647 2535 λ’ππον
658 2462 684 2560 ᾧ
697 2474 846 2555 ἐποχεῖται
859 2469 876 2537 ὃ
888 2470 1040 2554 βασιλεύς.
1090 2477 1146 2537 τοῦ
1158 2467 1296 2535 τοιούτου
1310 2470 1417 2533 τοί-20

245 2603 334 2640 vrum
357 2573 567 2651 ἐξετασθὲντος
588 2571 749 2660 εὖρεθῆναι
768 2573 981 2659 &intimosque
996 2577 1050 2658 τὴν
1065 2585 1206 2658 γυναῖκα·
1229 2570 1304 2638 εἶναι
1318 2573 1375 2654 μὲν

274 2678 339 2765 1μλρ
361 2677 413 2742 τὸν
435 2677 528 2741 ἵππον
552 2677 662 2758 αὐτῆς,
695 2677 748 2743 τὸν
770 2679 804 2744 δὲ
825 2677 957 2765 ἔπαρχον
980 2675 1165 2767 ἀφελόμενον
1186 2679 1302 2764 δῶρον,
1334 2671 1376 2751 ὡς

352 2875 369 2929 7
387 2870 544 2928 καπονλίαν
560 2856 605 2928 ΑΒ
710 2873 742 2928 15
760 2873 891 2944 φονντιόν
909 2872 966 2950 ΑΒι

284 3045 381 3098 dictum
399 3049 453 3108 est,
471 3045 627 3100 solummodo
644 3045 715 3100 intra
732 3044 830 3108 aulam3
849 3063 887 3098 ex
903 3045 954 3099 hoc
971 3063 1035 3099 vero
1053 3045 1166 3115 equitem
1186 3045 1259 3098 exire
1274 3043 1316 3095 vel
1333 3042 1374 3094 in-

285 3114 368 3166 troire
382 3131 467 3181 neque
485 3115 545 3168 huic
559 3133 647 3184 neque
664 3115 739 3168 alteri
755 3115 867 3184 cuipiam
886 3133 1036 3169 concessum
1050 3127 1101 3169 est.
1135 3116 1178 3168 sin
1193 3123 1278 3166 autem
1295 3129 1376 3193 opor-

285 3191 342 3235 teat
365 3199 486 3249 proceras
510 3184 610 3252 aliquos
633 3185 752 3253 equitare
775 3184 805 3236 in
827 3184 902 3251 aula,
929 3186 1033 3254 pedites
1058 3185 1255 3252 ingrediuntur,
1281 3180 1378 3232 demde

287 3250 416 3318 equitant.
451 3267 540 3303 rursus
558 3269 615 3305 cum
633 3255 776 3306 abeundum
794 3262 848 3319 est,
868 3254 1029 3306 descendunt
1044 3272 1078 3307 ex
1092 3271 1176 3322 equo,
1195 3259 1222 3302 et
1237 3250 1379 3318 egrediun-

285 3329 330 3371 tur
352 3318 464 3387 pedites.
510 3319 588 3372 habet
613 3339 698 3375 comes
721 3329 877 3392 potestatem
900 3331 1041 3391 praesente
1064 3323 1222 3390 imperatore
1244 3317 1380 3386 equitandi

287 3403 466 3456 quemcunque
481 3387 594 3440 uoluerit
607 3389 772 3459 imperatoris
789 3409 883 3460 equum
900 3411 933 3444 ex
949 3393 990 3444 his
1007 3391 1052 3458 qui
1068 3392 1197 3442 ducuntur
1208 3406 1294 3441 mann.
1330 3389 1379 3441 'ub-

286 3465 361 3508 sente
378 3456 538 3524 imperatore
555 3473 606 3509 non
622 3459 693 3512 item.
729 3460 776 3512 sed
795 3469 945 3529 tegumento
963 3460 1024 3528 equi
1042 3458 1155 3528 scapulis
1169 3458 1336 3510 incumbente
1353 3464 1381 3510 et

286 3525 395 3576 mediam
413 3523 501 3576 sellam
517 3525 653 3594 operiente
670 3528 786 3596 equitat3
807 3547 892 3598 neque
908 3545 1037 3597 quoquam
1054 3547 1084 3582 se
1100 3529 1204 3583 confert
1220 3527 1273 3580 uisi
1288 3529 1322 3580 atl
1338 3527 1379 3578 lo-

285 3611 342 3646 cum
360 3594 406 3646 ubi
423 3601 521 3646 strator
537 3595 719 3665 imperatorem
735 3598 764 3649 in
783 3615 878 3668 equum
890 3599 1019 3651 sublevat.

354 3696 551 3750 cousuetudine
572 3706 705 3768 receptam
729 3705 770 3751 est
792 3707 822 3753 ut
844 3701 982 3770 quotannis
998 3684 1069 3753 circa
1085 3716 1204 3769 magnum
1221 3697 1321 3768 pasche
1337 3715 1382 3752 re·

286 3775 416 3819 noventur
433 3784 522 3818 omnes
538 3768 703 3836 imperatoris
720 3767 801 3826 sellae
820 3769 936 3834 freniet
953 3770 1039 3823 omnia
1056 3769 1107 3822 alia
1125 3769 1256 3838 tegmina,
1282 3767 1382 3820 omnia-

286 3851 337 3901 que
360 3843 451 3888 vetera
475 3835 588 3904 accipiet
613 3855 714 3905 comes,
740 3837 817 3890 sellas
840 3840 960 3892 nimirum
983 3857 1042 3892 cum
1064 3838 1182 3910 apicibus
1201 3836 1338 3891 muscariis
1355 3841 1384 3888 et
1413 3859 1419 3869 =

287 3905 364 3956 frene
380 3905 455 3956 simul
474 3921 530 3958 cum
547 3905 661 3974 phaleris
678 3925 709 3960 ac
727 3907 828 3960 floccis.
911 3967 914 3972 ¹

356 4005 479 4058 Ceterum
497 4008 635 4060 comitatus
652 4025 776 4078 equorum
796 4008 841 4078 qui
860 4011 1095 4077 manuducimur,
1120 4008 1224 4078 quando
1240 4007 1384 4076 imperator

289 4073 398 4142 equitet,
417 4075 464 4126 tali
482 4094 514 4128 ex
531 4077 668 4130 occasione
687 4079 820 4132 exstitisse
836 4079 931 4131 fertur.
966 4082 1034 4133 lama
1047 4088 1088 4132 est
1097 4080 1280 4148 imperatorem
1291 4077 1384 4128 Theo-

290 4143 387 4214 philum
409 4143 491 4197 fuisse
513 4144 628 4199 iustitiae
646 4156 785 4204 amantem.
820 4165 877 4200 cum
894 4148 976 4215 igitur
992 4150 1103 4218 quodam
1120 4159 1239 4216 tempore
1255 4163 1323 4215 equo
1340 4147 1383 4198 in·

291 4214 398 4277 siderei,
417 4213 562 4266 occurrisse
575 4217 652 4270 aiunt
668 4215 797 4287 quandam
815 4216 998 4283 mulierculam,
1017 4228 1044 4270 et
1059 4218 1184 4270 clamasse
1196 4234 1290 4286 equum
1302 4216 1383 4281 illum,

291 4301 343 4354 quo
361 4283 508 4337 vehebatur
523 4284 680 4354 imperator,
705 4302 778 4340 suum
797 4304 865 4340 esse.
900 4286 1071 4356 inquisitione
1087 4288 1159 4339 facta
1175 4286 1306 4354 cognitum
1325 4303 1384 4338 esse

291 4355 425 4408 mulierem
442 4371 507 4408 vera
522 4353 624 4425 dicere,
644 4355 823 4425 equumenim
839 4357 922 4427 ipsius
940 4375 1015 4425 esse,
1035 4357 1174 4428 eparchon
1192 4365 1277 4410 autern
1295 4355 1324 4409 vi
1340 4371 1384 4406 ra-
