3092 4942
261 339 342 412 ara
429 310 710 408 cassanum
726 337 862 408 eoam
877 337 1215 434 commuuimus

268 500 337 566 rode.
369 493 516 566 εἰςττολλᾶ
534 495 592 568 ἔτη.
628 498 696 568 τρίς.
729 493 769 562 ele
792 492 826 554 bb
840 491 895 566 sris
913 491 1055 565 τράπεζαν
1149 517 1181 553 αι
1197 494 1296 563 οὕτως.
1331 496 1373 566 αἱς

268 567 302 624 cri
323 567 526 640 πολυχρόνιον,
552 564 642 638 ζωήν,
660 563 792 690 elapsus,
814 563 912 638 ὑγείαν
932 564 981 621 sul
1002 582 1076 652 pona
1125 585 1143 621 ν
1160 571 1214 624 ταῦ
1230 587 1372 641 ααναγτα-

269 637 358 695 τάτοα
377 637 456 709 ἡμῶν
472 633 610 693 δεσπότου
628 635 678 692 ναὶ
693 654 708 690 ο
721 637 889 707 roopmsoe
904 653 1088 704 πατριαρχου.
1158 668 1163 674 -

353 733 382 792 p-
396 711 436 776 45
450 731 477 771 v.
488 713 516 774 2.
537 713 614 770 cuius
626 711 764 788 lampadis
784 710 849 788 etc]
865 714 958 768 exstat
968 708 1113 767 Theodori
1126 709 1302 770 Balsamonis
1315 731 1373 770 me

269 797 326 856 lete
342 816 392 856 seu
416 796 583 873 disceptatio
603 797 639 854 de
657 796 711 854 hoc
728 815 807 855 more
821 795 984 873 imperatori
1006 795 1183 871 praeferendi
1204 795 1373 876 lampadem,

269 889 303 942 ut
320 887 350 942 et
363 879 531 961 imperatrici
548 889 579 941 et
593 881 716 957 quinque
739 881 918 960 patriarchis,
939 879 1068 937 Romano
1088 879 1242 960 cpolitano
1252 879 1374 941 Alexan·

269 969 352 1026 drino
379 966 556 1026 Antiocheno
592 965 857 1042 Hierosolymitano.
895 965 937 1023 ait
970 965 1132 1042 imperatori
1163 966 1304 1044 duplicem
1336 967 1374 1026 ob

270 1071 383 1112 eausam
415 1043 554 1131 praeferri
573 1051 748 1128 lampadem,
780 1057 842 1108 tmn
872 1050 939 1126 qnia
960 1049 1082 1107 humana
1105 1054 1166 1109 tum
1190 1051 1256 1126 quia
1279 1052 1375 1114 divina

271 1144 369 1214 curat,
390 1142 504 1212 tamque
525 1155 650 1213 eaquae
669 1136 707 1193 ad
733 1154 835 1213 corpus
860 1154 945 1211 quam
965 1153 999 1192 ea
1019 1153 1091 1212 quae
1112 1135 1151 1192 ad
1172 1135 1292 1194 animam
1310 1153 1376 1217 per-

270 1223 362 1282 tinent
379 1221 474 1302 (huins
494 1223 568 1279 enim
582 1221 709 1300 geminae
726 1221 878 1301 potestatis
894 1219 1073 1279 concessione
1097 1218 1314 1280 blandiebantur
1329 1241 1376 1281 re·

270 1309 408 1368 cautiores
428 1307 528 1366 Graeci
545 1308 603 1366 suis
620 1299 859 1385 imperatoribus),
872 1323 962 1381 eaque
975 1305 1012 1362 de
1028 1323 1113 1363 causa
1125 1303 1269 1383 lampades
1286 1308 1375 1385 impe·
1408 1359 1412 1367 ,

270 1393 373 1452 ratoris
399 1392 555 1470 duplicibus
579 1392 670 1450 aureis
695 1392 806 1450 coronis
827 1390 933 1449 cinctas
960 1407 1036 1462 esse;
1063 1389 1283 1468 patriarcharum
1306 1389 1375 1452 vero

270 1476 432 1554 lampades,
460 1482 545 1535 utet
570 1475 770 1554 imperatricis,
800 1494 858 1533 nna
878 1480 1006 1551 tantum,
1032 1493 1066 1532 eo
1095 1474 1173 1550 quod
1200 1476 1375 1554 patriarchae
1447 1531 1454 1541 ,
1543 1482 1544 1523 ³

270 1561 457 1640 spiritualium
477 1561 673 1620 tantummodo
692 1579 787 1618 curam
806 1560 946 1637 habeant,
967 1558 1094 1618 mulieres
1115 1559 1283 1638 temporalia
1301 1563 1375 1622 dun-
1543 1576 1544 1583 ’

271 1652 352 1711 taxat
365 1652 509 1724 spectent,
530 1647 635 1725 quippe
649 1645 749 1722 quibus
765 1645 797 1702 in
808 1645 924 1704 ecclesia
937 1645 1038 1703 docere
1050 1645 1230 1704 interdicunu
1242 1647 1289 1706 sit

358 1731 497 1794 Videntur
511 1740 605 1794 autem
619 1734 689 1793 haec
702 1752 787 1792 aurea
799 1733 844 1792 vel
856 1740 990 1810 argentea
1003 1730 1235 1811 στεφανώματα,
1256 1740 1291 1793 ut
1307 1733 1377 1797 Bal-

271 1838 371 1878 samon
396 1824 496 1898 vocat,
527 1825 557 1878 et
579 1812 790 1901 θρτγγῶματα,
819 1837 940 1878 coronae
964 1820 995 1876 in
1016 1836 1122 1878 morem
1141 1818 1265 1899 lampadi
1289 1821 1378 1879 fuisse

273 1906 421 1983 imposita,
442 1905 486 1964 vel
502 1907 595 1984 certe,
617 1905 695 1982 qnod
718 1897 928 1985 θριγγῶματος
949 1922 1051 1962 nomen
1072 1903 1166 1982 potius
1182 1904 1377 1984 suadet,-ipsi

270 1989 395 2068 lampadi
409 1990 592 2049 cancellorum
607 2009 658 2048 seu
678 1989 827 2066 sepimenti
844 1990 933 2046 instar
955 1990 1158 2066 cirermposita
1179 1990 1260 2048 addit
1277 1990 1377 2048 Balsa·
1543 2044 1544 2073 ,

273 2091 340 2135 mon
354 2075 408 2133 hoc
430 2077 504 2134 idem
523 2069 689 2155 προνόμιον
705 2093 756 2133 seu
770 2074 945 2153 privilegium
970 2075 1140 2151 procedendi
1159 2092 1222 2132 cum
1245 2075 1376 2153 lampade
1414 2113 1420 2120 -
1543 2108 1544 2121 τ

273 2179 436 2222 concessum
452 2161 538 2218 fuisse
550 2159 758 2238 archiepiscopo
771 2158 922 2236 Bulgariae
941 2165 971 2217 et
984 2158 1073 2237 cypri
1092 2165 1123 2216 et
1142 2160 1238 2236 paucis
1260 2162 1375 2236 quibus-

274 2243 340 2304 dani
361 2245 600 2324 metropolitanis,
621 2251 651 2303 et
672 2250 784 2322 praeter
798 2244 851 2303 hos
871 2243 955 2317 nulli;
975 2250 1005 2301 et
1023 2243 1195 2321 patriarchas
1211 2264 1270 2303 non
1288 2247 1376 2305 modo

272 2330 301 2386 iu
317 2348 369 2387 sua
388 2330 508 2388 dioecesi
524 2331 575 2388 sed
601 2336 632 2388 et
650 2334 729 2386 extra
745 2328 876 2407 lampade
893 2329 1014 2386 illustres
1027 2330 1163 2407 progredi
1177 2349 1278 2408 posse3
1298 2331 1377 2407 quod

273 2413 379 2472 multis
392 2414 455 2490 ipse
477 2416 611 2474 adversus
635 2413 813 2472 oblocutores
839 2416 979 2492 quosdam
997 2414 1160 2492 confirmat,
1186 2433 1272 2492 quem
1298 2417 1395 2495 legat'

275 2499 324 2574 qui
337 2497 414 2556 volet
423 2498 441 2557 l.
453 2502 473 2557 7
487 2498 559 2557 Iuris
571 2497 635 2559 GR.

343 2611 369 2664 p.
380 2593 416 2648 46
427 2611 453 2653 v.
464 2595 490 2648 2.
507 2590 663 2663 τροπάριον
680 2594 800 2648 modulus
815 2597 866 2660 eat,
883 2593 976 2648 cantici
992 2595 1106 2650 nimirum
1118 2612 1210 2664 genus,
1226 2596 1260 2650 ad
1271 2596 1377 2652 alterins

274 2663 428 2733 exemplaris
443 2664 519 2718 modo
544 2681 573 2718 se
597 2664 713 2716 habentis
736 2681 849 2717 normam
873 2659 1058 2734 τρεπόμενον,
1083 2665 1277 2720 decantandum
1312 2668 1378 2720 haee

273 2733 431 2798 sponsatos
446 2732 602 2788 communior
618 2731 753 2802 expositio.
793 2733 857 2786 alias
879 2733 960 2786 insius
975 2733 1001 2784 in
1019 2733 1201 2802 Euchologieis
1224 2736 1376 2789 rettulimus.

258 2797 393 2876 Ρποιηταῖς
416 2818 493 2871 porro
516 2801 572 2856 τῶν
592 2801 754 2870 sponsatos
770 2801 916 2856 Anthimum
936 2809 964 2856 et
980 2801 1121 2856 Tiuoolem
1137 2811 1264 2858 memorat
1284 2803 1376 2859 Theo·

278 2870 374 2940 phanes
394 2877 421 2922 et
442 2870 575 2924 cedrenus
590 2871 618 2923 in
634 2871 721 2923 Leone
739 2871 764 2926 1.

341 2940 405 2994 ibid.
427 2937 507 3007 δόξα]
530 2940 621 3028 supple
645 2939 759 3010 reliquas
789 2934 876 3003 πατρὶ
897 2935 947 2991 καὶ
971 2932 1028 3009 υἱῷ
1052 2935 1102 2994 καὶ
1131 2933 1203 3012 ἁγίῳ
1227 2933 1376 3009 πνεύματι.

275 3013 335 3076 post
350 3005 400 3060 καὶ
418 3009 470 3061 νῦν
486 3006 535 3062 καὶ
553 3007 600 3060 est
616 3007 681 3060 adde
697 3006 747 3061 sul
760 3003 802 3070 eie
819 3001 884 3068 roris
902 3004 1008 3069 αἰῶνας
1024 3007 1080 3060 ταῖν
1099 3004 1220 3061 αἰώνων.
1256 3005 1341 3078 ἀμήν.

343 3077 379 3128 ib.
392 3094 420 3131 v.
439 3078 466 3132 3.
490 3074 526 3130 ori
548 3075 698 3144 polticeor]
721 3075 857 3130 modulatis
879 3076 1004 3144 vaneque
1021 3075 1097 3130 flexis
1120 3084 1210 3130 cantus
1233 3079 1304 3130 sonis
1326 3095 1376 3132 non

274 3141 420 3230 decurritur
437 3145 580 3215 μελῳδῶςι
603 3145 651 3198 aed
674 3161 737 3200 voce
761 3144 895 3210 continua,
922 3141 1014 3224 χύμα,
1037 3153 1067 3198 nt
1086 3145 1192 3216 scripsit
1215 3147 1375 3216 Philothens,

273 3229 499 3281 uvayavosossrue.
620 3263 622 3270 ,

360 3302 397 3359 ib.
412 3320 438 3360 v.
457 3301 486 3366 5·
526 3319 588 3362 mos
614 3301 670 3362 iste
700 3301 845 3360 accinendi
869 3300 1085 3378 imperatoribus
1113 3298 1148 3366 τὸ
1176 3299 1377 3386 πολυχρόνιον

275 3390 305 3443 et
319 3385 488 3444 acclamandi
503 3387 547 3460 εἰς
564 3383 658 3448 πολλοὶ
675 3385 723 3467 ἔτη
739 3384 854 3451 Graecis
874 3384 956 3444 valde
974 3386 1106 3461 frequens
1121 3389 1193 3467 fnit,
1215 3396 1248 3448 ut
1263 3392 1376 3469 saepius

274 3473 395 3548 posthac
411 3490 445 3528 ex
458 3471 570 3529 codino
583 3471 787 3550 intelligemus,
806 3490 889 3547 quem
904 3469 1047 3547 eleganter
1069 3473 1201 3532 describit
1223 3475 1377 3554 corippus,

275 3555 343 3613 dum
360 3555 502 3630 quomodo
520 3555 628 3612 Iustino
646 3555 750 3614 Iuniori
769 3551 805 3618 cri
827 3552 1027 3634 πολυχρόνιον
1040 3556 1222 3618 acclamatum
1241 3561 1295 3639 sit,
1314 3580 1377 3620 ver-

274 3639 352 3698 sibus
375 3639 515 3717 explicat,
536 3642 573 3698 de
589 3640 718 3699 laudibus
739 3641 840 3698 Iustini
863 3645 877 3704 t
901 3642 964 3703 202
986 3647 1017 3701 et
1036 3643 1117 3720 356,
1137 3649 1158 3707 2
1177 3645 1238 3707 165
1257 3651 1287 3704 et
1306 3648 1377 3709 308.

169 3744 191 3798 p
208 3744 260 3802 215
311 3719 315 3726 ’
359 3723 519 3804 Nicephoro
533 3726 643 3785 Phocae
656 3727 745 3815 factas
759 3725 970 3784 acclamationes
980 3728 1103 3785 suaviter
1117 3729 1269 3789 admodum
1279 3730 1378 3790 irridet

276 3807 469 3887 Luitprandus
496 3811 526 3868 in
549 3810 691 3890 legatione
715 3831 767 3870 sua
793 3810 958 3888 cpolitano,
985 3811 1104 3886 loquens
1136 3815 1172 3872 de
1199 3815 1378 3892 processione

277 3893 387 3954 Phocae
406 3914 440 3954 ex
457 3894 562 3972 palatio
576 3897 614 3956 ad
627 3903 753 3957 sanctam
770 3895 906 3974 Sophiam
919 3894 1022 3973 (Leon.
1039 3896 1156 3958 Diacon.
1174 3919 1203 3977 p.
1223 3901 1268 3958 ed.
1284 3900 1377 3970 Bonn

190 4023 197 4036 r
276 3978 361 4060 347).
382 3979 462 4038 multi
476 3981 601 4058 profecto
620 3983 649 4041 in
670 3983 714 4041 his
731 3980 975 4041 acclamationibus
997 3979 1093 4044 πολλὰ
1116 3981 1165 4060 ἔτη
1186 3984 1379 4062 apprecaban-

277 4070 339 4142 tur,
362 4066 463 4140 quibus
474 4066 541 4124 nihil
556 4067 702 4127 iucundius
715 4069 841 4128 accidere
855 4067 996 4144 potuisset
1014 4085 1098 4143 quam
1118 4069 1142 4125 si
1160 4069 1313 4146 imperator
1329 4070 1377 4130 illo

276 4150 339 4228 ipso
355 4150 410 4228 die,
431 4149 499 4226 quin
514 4156 543 4209 et
556 4151 603 4210 illo
613 4161 765 4232 momento,
786 4151 933 4231 repentina
949 4157 1040 4210 morte
1057 4154 1211 4212 exstinctus
1227 4155 1335 4213 fuisset.

361 4234 541 4294 Acclamandi
564 4256 626 4296 mos
649 4243 729 4298 vetus
756 4244 817 4316 est,
845 4237 1026 4311 manavitque
1048 4257 1082 4294 ex
1107 4239 1224 4298 theatris
1250 4241 1280 4298 in
1307 4240 1379 4317 fora,

278 4319 380 4380 deinde
394 4323 478 4381 etiam
492 4322 522 4382 in
535 4329 679 4399 senatum
700 4325 764 4384 hinc
779 4323 817 4383 ad
831 4321 1055 4382 Christianorum
1067 4326 1201 4400 synodos.
1221 4324 1379 4408 exemplum
