3092 4942
659 327 707 394 m
732 329 882 398 CODlNI
907 329 1043 398 CARI.
1322 333 1393 406 141

292 493 483 573 mtopotm
501 491 582 573 perles
602 493 681 556 lauit.
701 494 916 573 quemadmodum
934 499 1022 574 igitur
1044 498 1169 574 qrireopis
1184 514 1235 555 ooo
1252 498 1395 558 concedan-

293 588 338 640 tur
350 599 384 639 oo
403 579 557 638 instromenta
577 598 645 658 quac
658 582 827 660 patriarchis
855 601 974 642 concesso
997 589 1074 656 sunt,
1095 588 1126 640 ut
1147 601 1242 642 soccos
1268 589 1294 640 et
1313 585 1393 662 polp-

291 666 431 738 maumas,
449 665 530 723 natm
549 665 670 724 ascitos
693 667 867 744 undequaque
889 659 1045 745 conqricua,
1065 669 1107 726 ita
1128 685 1175 726 mec
1198 687 1230 726 ea
1248 670 1394 744 privilegia

291 770 360 830 quac
375 751 502 828 episcopm
516 768 637 806 concesso
649 757 712 808 runt
725 751 764 808 ad
774 751 920 809 sacerdotes
937 751 1080 829 transferri
1092 756 1211 829 possunt.
1240 749 1308 808 haec
1325 751 1391 812 Bal-

290 851 396 894 sarnon.
417 851 453 890 ex
475 833 553 890 cuins
573 833 664 891 verbis
684 834 775 908 liquet
797 836 988 913 epigouatium
1014 835 1172 913 episcopale
1197 837 1393 896 vestimentum

289 939 340 979 sen
363 920 558 978 indumentum
574 935 654 997 esse,
680 937 740 978 nou
764 921 912 981 autemid
936 920 1014 997 quod
1035 921 1132 980 lunius
1151 921 1301 982 lectoribus
1324 942 1392 984 veu-

289 1007 372 1064 ottae

357 1100 416 1172 ps
435 1117 463 1153 r.
480 1100 506 1154 3.
542 1090 721 1168 imperiosos
737 1105 913 1153 ornamentum
938 1105 979 1154 est
1009 1102 1227 1170 ecclesiasticum,
1258 1104 1393 1176 plusquam

291 1169 421 1241 palmare,
440 1177 467 1222 et
480 1167 620 1238 malrum,
637 1186 670 1222 ex
681 1169 776 1236 angulo
794 1177 822 1222 ct
838 1172 900 1222 tone
917 1173 1000 1224 serico
1018 1187 1099 1224 zonae
1116 1189 1264 1242 appensum,
1281 1191 1313 1228 ac
1324 1193 1393 1243 genu

288 1240 432 1304 sinistrum,
456 1237 524 1290 uncle
535 1237 571 1288 illi
587 1253 678 1290 nomen
697 1237 800 1300 datum,
826 1239 995 1304 obumbrans,
1011 1248 1041 1293 nt
1058 1242 1182 1294 ecclesiae
1201 1259 1319 1312 sponsum
1334 1247 1393 1312 gla-

289 1307 330 1360 ‹llo
342 1325 420 1376 super
429 1307 513 1360 femur
523 1302 664 1358 accinctum
676 1311 705 1358 et
715 1315 839 1360 armatum
853 1307 999 1370 adumbret3
1019 1308 1123 1380 eiusque
1144 1309 1192 1363 soli
1211 1313 1345 1377 pontifices
1359 1332 1392 1366 aa

288 1377 427 1446 praecipua
437 1375 562 1444 dignitate
573 1375 696 1445 praeclari
708 1374 778 1428 nacti
789 1384 848 1428 sunt
859 1394 945 1442 usum3
964 1384 990 1431 et
1008 1379 1040 1431 ab
1057 1397 1106 1446 eo,
1124 1379 1166 1448 qui
1184 1381 1332 1448 pontificum
1344 1400 1391 1434 zo-

288 1437 1390 1582 1„*relustranteestote‘econtratmrlrm

287 1531 869 1719 onclestercoream
882 1551 1290 1708 erotem-vcro
1306 1581 1337 1642 ν
1352 1538 1388 1658 ‘⁰³³

369 1713 495 1825 Vocatur
523 1671 606 1796 itiam
631 1730 774 1821 γονάτων
803 1742 883 1816 quasi
907 1671 1029 1819 boreali.
1073 1672 1218 1801 Cobasilbs
1241 1745 1272 1804 in
1299 1745 1385 1804 Glos-

286 1825 374 1884 sario:
395 1821 448 1886 ocal
469 1815 567 1884 τόνων
587 1819 656 1884 croci
678 1823 831 1902 ῥομφαίας
856 1821 1093 1906 περιζωννύονσι
1114 1821 1226 1908 αὐτόν,
1248 1828 1283 1893 ri
1301 1825 1385 1913 λεγό-

289 1931 381 1990 μενον
401 1905 561 1991 γονάτων,
582 1901 602 1970 ii
619 1902 697 1989 πρδς
713 1913 812 1989 σχῆμα
830 1911 940 1988 ξίφους
957 1908 1177 1992 ἐσχημάτισται.

353 2025 416 2079 totu
441 2015 633 2092 ἔτιτγνννὶτιον]
649 2020 712 2074 alies
727 2015 929 2091 ὖτογοννὶτινν.

368 2127 508 2206 Lepidum
529 2131 562 2185 et
578 2127 636 2184 risu
653 2127 771 2204 dignum
795 2128 916 2188 arbitror
939 2132 1018 2206 quod
1039 2129 1175 2190 Salomon
1196 2130 1387 2209 Sweiggerue,

285 2216 450 2294 praedicans
469 2213 608 2288 Noricum,
629 2212 647 2270 l
667 2215 689 2274 2
709 2215 753 2271 sui
766 2214 958 2294 Hodoeporici
973 2238 995 2276 a
1019 2222 1061 2282 62
1081 2224 1189 2276 vestem
1209 2215 1281 2274 hanc
1301 2224 1386 2276 vocnt

285 2294 497 2378 aaynoo'mov,
525 2317 543 2354 a
564 2316 678 2374 pogone
698 2317 749 2357 sen
772 2299 866 2360 barba
919 2302 960 2362 ita
982 2303 1120 2382 pogonati
1136 2303 1230 2363 nostri
1254 2304 1386 2382 nuspiam

285 2385 390 2444 barbae
409 2403 478 2443 auae
497 2382 621 2443 oblivisci
640 2390 769 2460 possunt.

368 2470 405 2531 ib.
426 2488 453 2528 v.
474 2467 503 2530 4.
547 2467 661 2526 Terfius
681 2468 711 2528 in
729 2470 814 2530 tertia
835 2473 960 2550 pentade
979 2477 1025 2532 est
1046 2470 1065 2535 i
1084 2470 1134 2536 trel
1156 2475 1218 2534 caio
1240 2465 1384 2552 δεήσεων,

283 2559 415 2632 magister
431 2554 578 2613 libellorum
596 2553 771 2632 mpptta'om,
792 2556 885 2631 inquit
901 2557 1017 2635 Iunius,
1038 2577 1089 2616 seu
1105 2559 1259 2636 praefectus
1280 2558 1384 2636 suppti-

284 2640 448 2700 catiorribur:
482 2640 563 2698 lotos
592 2643 651 2696 erat
677 2659 728 2718 pro
761 2644 864 2701 iniuria
898 2643 1006 2720 affectis
1037 2645 1158 2703 accedere
1192 2649 1384 2719 imperatorem.

283 2745 343 2784 nou
361 2723 489 2784 meminit
508 2723 590 2782 huius
612 2724 762 2782 functionis
790 2725 913 2805 Citrius,
939 2728 994 2786 nisi
1018 2728 1093 2787 forte
1113 2729 1191 2808 opud
1210 2728 1329 2786 Cinium
1344 2727 1387 2784 le-

283 2812 409 2888 gendum
431 2810 470 2868 sit
498 2806 517 2870 el
538 2805 588 2870 oo
605 2809 669 2868 cois
689 2803 823 2890 δεήσεων
844 2831 897 2890 pro
918 2809 937 2874 i
960 2811 1010 2875 tat
1036 2817 1099 2874 τοῖν
1123 2814 1268 2895 κρίσεων,
1298 2829 1383 2887 quem

282 2895 507 2975 ipse-undecimo
532 2891 594 2950 loco
620 2893 709 2970 ponis
750 2897 878 2955 nominat
904 2897 984 2955 initio
1009 2897 1137 2955 Codinus
1167 2892 1220 2957 τόν
1242 2893 1292 2959 ἐπὶ
1320 2901 1384 2958 τῶν

283 2982 429 3062 κρίσεων,
447 2979 512 3038 licet
535 2997 599 3035 eum
616 2983 716 3056 postea
733 2979 764 3037 in
778 2981 855 3040 nulla
873 2983 997 3062 pentade
1019 2981 1152 3060 collocet,
1179 2981 1204 3038 si
1218 2986 1313 3041 tomen
1323 2983 1382 3062 pri-

283 3085 346 3126 mus
368 3065 525 3128 officialium
547 3064 632 3120 index
655 3069 700 3121 est
720 3065 831 3124 Codini.

351 3161 480 3216 Decetia
505 3161 638 3232 Allationip
659 3161 708 3213 lroc
732 3162 860 3224 officium,
890 3165 920 3214 uo
946 3166 974 3215 et
1005 3178 1130 3233 sequens,
1168 3161 1270 3216 accensi
1294 3163 1380 3216 eoele-

281 3231 379 3284 eirstici
394 3231 521 3286 aleonum
531 3230 640 3300 quietem
652 3235 680 3282 et
689 3230 801 3284 ordinem
818 3231 845 3284 in
862 3230 985 3298 remotis,
1001 3231 1049 3286 hoc
1061 3242 1102 3286 est
1110 3234 1248 3305 pontificiis
1259 3233 1381 3286 tribuna-

281 3301 362 3367 ubas,
378 3300 523 3354 indicentis.
641 3345 643 3350 .
1139 3345 1142 3350 .

366 3392 404 3450 ib.
419 3409 445 3448 v.
461 3389 490 3451 5.
531 3391 657 3461 Quartus
688 3392 733 3447 est
761 3385 782 3451 o‘
806 3385 856 3451 em
885 3391 948 3452 τῶν
983 3388 1143 3471 respiraro,
1180 3410 1263 3467 quem
1298 3411 1380 3452 socro-

282 3479 384 3538 corion
401 3475 493 3534 dicere
513 3474 626 3552 liceret,
645 3474 699 3532 nisi
720 3477 860 3534 secretarii
874 3493 929 3534 vox
949 3495 1002 3533 usu
1022 3482 1135 3553 recepto
1156 3477 1212 3534 iam
1228 3481 1381 3538 octnamnm

282 3580 335 3620 seu
348 3562 464 3620 scribom
480 3580 530 3619 seu
548 3563 680 3620 notorium
700 3559 876 3635 signiticaret.
918 3564 949 3617 nt
968 3567 1065 3619 noster
1085 3563 1140 3619 iste
1160 3560 1177 3623 ὁ
1196 3560 1245 3624 ἐπὶ
1262 3566 1322 3622 roiv
1334 3580 1381 3623 oe.

280 3644 396 3725 τερένων
416 3645 492 3703 atiud
515 3665 618 3705 munus
644 3643 781 3702 habebat:
809 3652 871 3704 erat
896 3645 969 3702 enirn
989 3646 1135 3704 institutus
1156 3646 1201 3720 εἰς
1218 3643 1254 3709 ri
1271 3641 1382 3708 παύειν

281 3727 336 3794 rio
353 3726 429 3792 torio
449 3728 500 3791 &al
519 3727 553 3795 ri
574 3732 704 3812 κρίνειν,
728 3729 1031 3808 compescendopopolo,
1054 3737 1087 3790 ut
1103 3733 1206 3792 indicio
1223 3733 1381 3804 bobcontur,

281 3816 374 3891 inquit
395 3815 508 3893 Iunius,
538 3834 692 3895 perperam.
734 3821 827 3874 verte:
848 3819 906 3874 mur
921 3818 969 3894 qni
984 3821 1081 3875 secreto
1097 3823 1203 3895 praeest
1223 3837 1318 3874 caunos
1342 3823 1383 3874 est

280 3907 330 3974 ut,
360 3901 424 3962 dum
439 3902 543 3961 indicio
561 3903 707 3974 tutator,
725 3899 853 3980 populum
872 3903 902 3960 im
924 3899 1009 3977 officio
1030 3905 1175 3976 emmas,
1202 3902 1331 3959 nimirum
1348 3908 1384 3960 ut
1419 3959 1422 3966 ,

281 3986 424 4045 silentium
443 3993 569 4046 servaret
588 3985 734 4062 nullosque
761 3984 859 4042 turbas
882 3985 982 4057 cieret3
1015 3987 1093 4060 qnod
1110 4006 1212 4046 munus
1233 3987 1299 4045 olim
1319 3993 1382 4045 erat

281 4073 441 4131 relacionem
457 4077 488 4129 et
508 4073 740 4146 cancellariorum,
763 4075 901 4149 utsupra
917 4071 1075 4130 notavimus
1093 4091 1128 4130 ex
1151 4073 1320 4130 Casaubono
1342 4073 1381 4130 ad

280 4153 441 4236 Augustam
467 4157 630 4231 historiern3
658 4154 707 4212 ubi
733 4155 817 4212 etiam
839 4156 954 4216 ‚dictum
974 4163 1074 4218 secreto
1090 4158 1183 4218 vocari
1197 4157 1260 4216 loca
1279 4157 1327 4214 ubi
1343 4158 1380 4214 de

279 4243 402 4320 negotiis
429 4263 483 4320 pro
506 4243 615 4301 ratione
641 4240 763 4298 muneris
789 4241 908 4317 quisque
930 4243 974 4300 sui
994 4243 1141 4302 tractaturi
1168 4242 1378 4302 conveniebant.

277 4325 347 4388 inde
364 4329 395 4390 in
414 4327 479 4388 lure
502 4327 559 4388 GR
581 4325 731 4405 aliquoties
762 4321 1089 4410 reparatoremque,
1118 4327 1240 4404 ir'gaitoc
1269 4327 1379 4389 corintio
