<?xml version="1.0" encoding="UTF-8"?>
<!DOCTYPE html PUBLIC "-//W3C//DTD XHTML 1.0 Transitional//EN"
    "http://www.w3.org/TR/xhtml1/DTD/xhtml1-transitional.dtd">
<html xmlns="http://www.w3.org/1999/xhtml" xml:lang="en" lang="en">
 <head>
  <title>
</title>
<meta http-equiv="Content-Type" content="text/html;charset=utf-8" />
  <meta name='ocr-system' content='tesseract 3.04.00' />
  <meta name='ocr-capabilities' content='ocr_page ocr_carea ocr_par ocr_line ocrx_word'/>
</head>
<body>
  <div class='ocr_page' id='page_1' title='image "./corpusscriptoru43theogoog_0281.png"; bbox 0 0 3092 4942; ppageno 0'>
   <div class='ocr_carea' id='block_1_1' title="bbox 503 253 1249 349">
    <p class='ocr_par' dir='ltr' id='par_1_1' title="bbox 503 253 1249 349">
     <span class='ocr_line' id='line_1_1' title="bbox 503 253 1249 349; baseline 0.005 -4"><span class='ocrx_word' id='word_1_1' title='bbox 503 276 550 345; x_wconf 87' lang='lat' dir='ltr'><strong>ru</strong></span> <span class='ocrx_word' id='word_1_2' title='bbox 576 274 724 345; x_wconf 86' lang='lat' dir='ltr'><strong>oonuu</strong></span> <span class='ocrx_word' id='word_1_3' title='bbox 749 276 835 344; x_wconf 83' lang='lat' dir='ltr'><strong>can.</strong></span> <span class='ocrx_word' id='word_1_4' title='bbox 857 277 903 346; x_wconf 84' lang='lat' dir='ltr'><strong>v.</strong></span> <span class='ocrx_word' id='word_1_5' title='bbox 1174 253 1249 349; x_wconf 77' lang='lat' dir='ltr'><strong>aba</strong></span> 
     </span>
    </p>
   </div>
   <div class='ocr_carea' id='block_1_2' title="bbox 107 436 1253 1340">
    <p class='ocr_par' dir='ltr' id='par_1_2' title="bbox 107 436 1253 1340">
     <span class='ocr_line' id='line_1_2' title="bbox 151 436 1251 510; baseline -0.005 -12"><span class='ocrx_word' id='word_1_6' title='bbox 151 440 299 509; x_wconf 81' lang='grc' dir='ltr'><strong><em>Βρετανάν</em></strong></span> <span class='ocrx_word' id='word_1_7' title='bbox 313 438 446 510; x_wconf 81' lang='lat' dir='ltr'><strong>legendum</strong></span> <span class='ocrx_word' id='word_1_8' title='bbox 464 442 623 505; x_wconf 68' lang='lat' dir='ltr'><strong>agnosceret</strong></span> <span class='ocrx_word' id='word_1_9' title='bbox 663 436 713 492; x_wconf 89' lang='lat' dir='ltr'><strong>iam</strong></span> <span class='ocrx_word' id='word_1_10' title='bbox 736 439 785 493; x_wconf 88' lang='lat' dir='ltr'><strong>sub</strong></span> <span class='ocrx_word' id='word_1_11' title='bbox 807 437 935 493; x_wconf 72' lang='lat' dir='ltr'><strong>michaele</strong></span> <span class='ocrx_word' id='word_1_12' title='bbox 948 437 1114 510; x_wconf 74' lang='lat' dir='ltr'><strong>Paptlsgous</strong></span> <span class='ocrx_word' id='word_1_13' title='bbox 1129 444 1251 496; x_wconf 84' lang='lat' dir='ltr'><strong>Graeco-</strong></span> 
     </span>
     <span class='ocr_line' id='line_1_3' title="bbox 151 504 1251 630; baseline 0.003 -67"><span class='ocrx_word' id='word_1_14' title='bbox 151 528 205 563; x_wconf 91' lang='lat' dir='ltr'><strong>rum</strong></span> <span class='ocrx_word' id='word_1_15' title='bbox 224 512 299 595; x_wconf 71' lang='lat' dir='ltr'><strong>signa</strong></span> <span class='ocrx_word' id='word_1_16' title='bbox 314 516 417 593; x_wconf 80' lang='lat' dir='ltr'><strong>seputos</strong></span> <span class='ocrx_word' id='word_1_17' title='bbox 435 508 576 579; x_wconf 80' lang='lat' dir='ltr'><strong>colligimus</strong></span> <span class='ocrx_word' id='word_1_18' title='bbox 587 526 625 629; x_wconf 74' lang='lat' dir='ltr'><strong>¹pn</strong></span> <span class='ocrx_word' id='word_1_19' title='bbox 642 504 762 630; x_wconf 72' lang='lat' dir='ltr'><strong>(iedreupl</strong></span> <span class='ocrx_word' id='word_1_20' title='bbox 774 508 801 560; x_wconf 92' lang='lat' dir='ltr'><strong>iu</strong></span> <span class='ocrx_word' id='word_1_21' title='bbox 815 506 1054 628; x_wconf 32' lang='grc' dir='ltr'><strong>1σὶιιιιιίιῗιςηισι</strong></span> <span class='ocrx_word' id='word_1_22' title='bbox 1076 516 1161 595; x_wconf 65' lang='lat' dir='ltr'><strong>tamen</strong></span> <span class='ocrx_word' id='word_1_23' title='bbox 1179 528 1251 596; x_wconf 56' lang='lat' dir='ltr'><strong>xatau-</strong></span> 
     </span>
     <span class='ocr_line' id='line_1_4' title="bbox 151 579 1251 722; baseline 0.005 -23"><span class='ocrx_word' id='word_1_24' title='bbox 151 580 211 717; x_wconf 64' lang='lat' dir='ltr'><strong>tlt</strong></span> <span class='ocrx_word' id='word_1_25' title='bbox 227 579 752 715; x_wconf 61' lang='lat' dir='ltr'><strong>titii¹¹it¹gltil¹tt⁰tttttmtt</strong></span> <span class='ocrx_word' id='word_1_26' title='bbox 769 592 1059 713; x_wconf 54' lang='lat' dir='ltr'><strong>tibitibi</strong></span> <span class='ocrx_word' id='word_1_27' title='bbox 1074 580 1251 722; x_wconf 59' lang='lat' dir='ltr'><strong>iiiiii}</strong></span> 
     </span>
     <span class='ocr_line' id='line_1_5' title="bbox 152 710 1250 784; baseline 0.003 -15"><span class='ocrx_word' id='word_1_28' title='bbox 152 713 379 784; x_wconf 75' lang='grc' dir='ltr'><strong><em>διεσπαρμένους.</em></strong></span> <span class='ocrx_word' id='word_1_29' title='bbox 414 710 578 769; x_wconf 71' lang='lat' dir='ltr'><strong>uindicatus</strong></span> <span class='ocrx_word' id='word_1_30' title='bbox 601 732 687 767; x_wconf 88' lang='lat' dir='ltr'><strong>eorum</strong></span> <span class='ocrx_word' id='word_1_31' title='bbox 715 715 803 767; x_wconf 88' lang='lat' dir='ltr'><strong>ducem</strong></span> <span class='ocrx_word' id='word_1_32' title='bbox 820 723 942 768; x_wconf 81' lang='lat' dir='ltr'><strong>memorat</strong></span> <span class='ocrx_word' id='word_1_33' title='bbox 953 715 1019 769; x_wconf 85' lang='lat' dir='ltr'><strong>idem</strong></span> <span class='ocrx_word' id='word_1_34' title='bbox 1036 716 1061 769; x_wconf 88' lang='lat' dir='ltr'><strong>in</strong></span> <span class='ocrx_word' id='word_1_35' title='bbox 1079 717 1250 773; x_wconf 84' lang='lat' dir='ltr'><strong>Constantino</strong></span> 
     </span>
     <span class='ocr_line' id='line_1_6' title="bbox 151 783 1249 852; baseline 0.002 -13"><span class='ocrx_word' id='word_1_36' title='bbox 151 786 335 851; x_wconf 87' lang='lat' dir='ltr'><strong>Monomacbo,</strong></span> <span class='ocrx_word' id='word_1_37' title='bbox 352 784 396 839; x_wconf 87' lang='lat' dir='ltr'><strong>abi</strong></span> <span class='ocrx_word' id='word_1_38' title='bbox 413 800 429 836; x_wconf 90' lang='lat' dir='ltr'><strong>a</strong></span> <span class='ocrx_word' id='word_1_39' title='bbox 446 784 553 837; x_wconf 82' lang='lat' dir='ltr'><strong>Francis</strong></span> <span class='ocrx_word' id='word_1_40' title='bbox 571 800 616 837; x_wconf 89' lang='lat' dir='ltr'><strong>eos</strong></span> <span class='ocrx_word' id='word_1_41' title='bbox 632 800 737 837; x_wconf 77' lang='lat' dir='ltr'><strong>nanneno</strong></span> <span class='ocrx_word' id='word_1_42' title='bbox 754 783 900 852; x_wconf 69' lang='lat' dir='ltr'>distinguit,</span> <span class='ocrx_word' id='word_1_43' title='bbox 924 784 986 838; x_wconf 87' lang='lat' dir='ltr'><strong>licet</strong></span> <span class='ocrx_word' id='word_1_44' title='bbox 1002 785 1116 851; x_wconf 86' lang='lat' dir='ltr'><strong>utrisque</strong></span> <span class='ocrx_word' id='word_1_45' title='bbox 1130 784 1249 843; x_wconf 86' lang='grc' dir='ltr'><strong><em>άιιόλου-</em></strong></span> 
     </span>
     <span class='ocr_line' id='line_1_7' title="bbox 152 847 1250 939; baseline 0.003 -32"><span class='ocrx_word' id='word_1_46' title='bbox 152 856 209 908; x_wconf 72' lang='grc' dir='ltr'><strong>θον</strong></span> <span class='ocrx_word' id='word_1_47' title='bbox 234 855 339 907; x_wconf 87' lang='lat' dir='ltr'><strong>eundem</strong></span> <span class='ocrx_word' id='word_1_48' title='bbox 365 853 513 923; x_wconf 84' lang='lat' dir='ltr'><strong>praeficiat:</strong></span> <span class='ocrx_word' id='word_1_49' title='bbox 538 848 554 905; x_wconf 87' lang='grc' dir='ltr'><strong><em>ό</em></strong></span> <span class='ocrx_word' id='word_1_50' title='bbox 581 847 707 923; x_wconf 75' lang='grc' dir='ltr'><strong><em>βασιλευς</em></strong></span> <span class='ocrx_word' id='word_1_51' title='bbox 730 847 782 907; x_wconf 87' lang='grc' dir='ltr'><strong>τόν</strong></span> <span class='ocrx_word' id='word_1_52' title='bbox 807 847 968 907; x_wconf 75' lang='grc' dir='ltr'><strong><em>ἀκόλουθον</em></strong></span> <span class='ocrx_word' id='word_1_53' title='bbox 983 852 1098 939; x_wconf 67' lang='grc' dir='ltr'><strong><em>Μιηαὴλ</em></strong></span> <span class='ocrx_word' id='word_1_54' title='bbox 1114 874 1250 925; x_wconf 78' lang='grc' dir='ltr'><strong><em>μεταπεμ·</em></strong></span> 
     </span>
     <span class='ocr_line' id='line_1_8' title="bbox 152 914 1250 994; baseline 0.005 -20"><span class='ocrx_word' id='word_1_55' title='bbox 152 920 278 991; x_wconf 77' lang='grc' dir='ltr'><em>ψάμενος</em></span> <span class='ocrx_word' id='word_1_56' title='bbox 293 916 322 984; x_wconf 70' lang='grc' dir='ltr'><strong>ἐς</strong></span> <span class='ocrx_word' id='word_1_57' title='bbox 334 918 357 975; x_wconf 81' lang='grc' dir='ltr'>Ἰ</span> <span class='ocrx_word' id='word_1_58' title='bbox 374 921 456 991; x_wconf 89' lang='grc' dir='ltr'><strong><em>ηρίαν</em></strong></span> <span class='ocrx_word' id='word_1_59' title='bbox 473 914 619 989; x_wconf 74' lang='grc' dir='ltr'><strong><em>ἐκπέμπει,</em></strong></span> <span class='ocrx_word' id='word_1_60' title='bbox 638 915 670 982; x_wconf 78' lang='grc' dir='ltr'><strong>ὃς</strong></span> <span class='ocrx_word' id='word_1_61' title='bbox 686 914 747 975; x_wconf 70' lang='grc' dir='ltr'><strong><em>ἐκεῖ</em></strong></span> <span class='ocrx_word' id='word_1_62' title='bbox 759 920 906 991; x_wconf 73' lang='grc' dir='ltr'><strong><em>γενόμενος</em></strong></span> <span class='ocrx_word' id='word_1_63' title='bbox 926 919 975 975; x_wconf 75' lang='grc' dir='ltr'><strong>καί</strong></span> <span class='ocrx_word' id='word_1_64' title='bbox 996 940 1063 987; x_wconf 88' lang='grc' dir='ltr'><strong><em>τους</em></strong></span> <span class='ocrx_word' id='word_1_65' title='bbox 1084 922 1250 994; x_wconf 77' lang='grc' dir='ltr'><strong><em>διεσπαρμέ-</em></strong></span> 
     </span>
     <span class='ocr_line' id='line_1_9' title="bbox 107 985 1250 1065; baseline 0.002 -20"><span class='ocrx_word' id='word_1_66' title='bbox 107 996 111 1009; x_wconf 94' lang='grc'>’</span> <span class='ocrx_word' id='word_1_67' title='bbox 152 1008 221 1053; x_wconf 85' lang='grc' dir='ltr'><strong><em>νους</em></strong></span> <span class='ocrx_word' id='word_1_68' title='bbox 237 985 268 1045; x_wconf 76' lang='grc' dir='ltr'><strong>ἔν</strong></span> <span class='ocrx_word' id='word_1_69' title='bbox 283 992 319 1061; x_wconf 81' lang='grc' dir='ltr'><strong>τῇ</strong></span> <span class='ocrx_word' id='word_1_70' title='bbox 357 990 439 1064; x_wconf 69' lang='lat' dir='ltr'><strong>acidior</strong></span> <span class='ocrx_word' id='word_1_71' title='bbox 455 988 505 1044; x_wconf 80' lang='grc' dir='ltr'><strong>καὶ</strong></span> <span class='ocrx_word' id='word_1_72' title='bbox 519 986 627 1061; x_wconf 73' lang='grc' dir='ltr'><strong><em>Ἰβηρίᾳ</em></strong></span> <span class='ocrx_word' id='word_1_73' title='bbox 647 987 851 1060; x_wconf 79' lang='grc' dir='ltr'><strong><em>Φράηηουςκαλ</em></strong></span> <span class='ocrx_word' id='word_1_74' title='bbox 869 987 1031 1060; x_wconf 76' lang='grc' dir='ltr'><strong><em>Βαράγμους</em></strong></span> <span class='ocrx_word' id='word_1_75' title='bbox 1053 989 1153 1065; x_wconf 79' lang='grc' dir='ltr'><strong><em>άηάγη.</em></strong></span> <span class='ocrx_word' id='word_1_76' title='bbox 1190 995 1250 1049; x_wconf 81' lang='lat' dir='ltr'><strong>exin</strong></span> 
     </span>
     <span class='ocr_line' id='line_1_10' title="bbox 154 1059 1253 1127; baseline 0.003 -14"><span class='ocrx_word' id='word_1_77' title='bbox 154 1060 249 1113; x_wconf 81' lang='lat' dir='ltr'><strong>Franci</strong></span> <span class='ocrx_word' id='word_1_78' title='bbox 274 1062 321 1113; x_wconf 88' lang='lat' dir='ltr'><strong>snb</strong></span> <span class='ocrx_word' id='word_1_79' title='bbox 345 1060 434 1113; x_wconf 87' lang='lat' dir='ltr'><strong>eudem</strong></span> <span class='ocrx_word' id='word_1_80' title='bbox 460 1060 556 1113; x_wconf 82' lang='lat' dir='ltr'><strong>vexillo</strong></span> <span class='ocrx_word' id='word_1_81' title='bbox 582 1074 637 1113; x_wconf 79' lang='lat' dir='ltr'><strong>otum</strong></span> <span class='ocrx_word' id='word_1_82' title='bbox 663 1059 790 1127; x_wconf 80' lang='lat' dir='ltr'><strong>Barangis</strong></span> <span class='ocrx_word' id='word_1_83' title='bbox 806 1060 942 1113; x_wconf 68' lang='lat' dir='ltr'><strong>militantes</strong></span> <span class='ocrx_word' id='word_1_84' title='bbox 958 1078 989 1113; x_wconf 89' lang='lat' dir='ltr'><strong>ac</strong></span> <span class='ocrx_word' id='word_1_85' title='bbox 1007 1060 1100 1115; x_wconf 88' lang='lat' dir='ltr'><strong>eisdem</strong></span> <span class='ocrx_word' id='word_1_86' title='bbox 1117 1063 1192 1115; x_wconf 88' lang='lat' dir='ltr'><strong>armis</strong></span> <span class='ocrx_word' id='word_1_87' title='bbox 1210 1066 1253 1116; x_wconf 91' lang='lat' dir='ltr'><strong>iu·</strong></span> 
     </span>
     <span class='ocr_line' id='line_1_11' title="bbox 153 1128 1253 1200; baseline 0.004 -18"><span class='ocrx_word' id='word_1_88' title='bbox 153 1130 245 1183; x_wconf 86' lang='lat' dir='ltr'><strong>structi</strong></span> <span class='ocrx_word' id='word_1_89' title='bbox 261 1128 329 1181; x_wconf 87' lang='lat' dir='ltr'><strong>inter</strong></span> <span class='ocrx_word' id='word_1_90' title='bbox 346 1129 412 1181; x_wconf 89' lang='lat' dir='ltr'><strong>Bara</strong></span> <span class='ocrx_word' id='word_1_91' title='bbox 447 1145 476 1181; x_wconf 89' lang='lat' dir='ltr'><strong>os</strong></span> <span class='ocrx_word' id='word_1_92' title='bbox 491 1128 611 1182; x_wconf 85' lang='lat' dir='ltr'><strong>recensiti</strong></span> <span class='ocrx_word' id='word_1_93' title='bbox 628 1145 708 1199; x_wconf 85' lang='lat' dir='ltr'><strong>penes</strong></span> <span class='ocrx_word' id='word_1_94' title='bbox 725 1128 841 1181; x_wconf 82' lang='lat' dir='ltr'><strong>Nicetom</strong></span> <span class='ocrx_word' id='word_1_95' title='bbox 859 1131 885 1181; x_wconf 91' lang='lat' dir='ltr'><strong>iu</strong></span> <span class='ocrx_word' id='word_1_96' title='bbox 901 1130 990 1183; x_wconf 78' lang='lat' dir='ltr'><strong>Alexio</strong></span> <span class='ocrx_word' id='word_1_97' title='bbox 1005 1133 1035 1183; x_wconf 81' lang='lat'><strong>2:</strong></span> <span class='ocrx_word' id='word_1_98' title='bbox 1051 1130 1099 1184; x_wconf 81' lang='grc' dir='ltr'><strong>καί</strong></span> <span class='ocrx_word' id='word_1_99' title='bbox 1111 1128 1253 1200; x_wconf 55' lang='grc' dir='ltr'><strong>γνωσθὲνς</strong></span> 
     </span>
     <span class='ocr_line' id='line_1_12' title="bbox 146 1188 1251 1273; baseline 0.005 -22"><span class='ocrx_word' id='word_1_100' title='bbox 146 1215 199 1273; x_wconf 33' lang='grc' dir='ltr'><strong><em>[τις</em></strong></span> <span class='ocrx_word' id='word_1_101' title='bbox 220 1192 297 1265; x_wconf 87' lang='grc' dir='ltr'><strong><em>παρά</em></strong></span> <span class='ocrx_word' id='word_1_102' title='bbox 320 1214 395 1261; x_wconf 81' lang='grc' dir='ltr'><strong><em>τινος</em></strong></span> <span class='ocrx_word' id='word_1_103' title='bbox 436 1201 509 1251; x_wconf 86' lang='grc' dir='ltr'><strong><em>κεῖσε</em></strong></span> <span class='ocrx_word' id='word_1_104' title='bbox 532 1191 723 1265; x_wconf 75' lang='grc' dir='ltr'><strong>φυλάσσοντος</strong></span> <span class='ocrx_word' id='word_1_105' title='bbox 746 1191 859 1269; x_wconf 72' lang='grc' dir='ltr'><strong><em>(γόνους</em></strong></span> <span class='ocrx_word' id='word_1_106' title='bbox 883 1188 967 1264; x_wconf 76' lang='grc' dir='ltr'><strong><em>οὗτος</em></strong></span> <span class='ocrx_word' id='word_1_107' title='bbox 988 1199 1042 1254; x_wconf 79' lang='grc' dir='ltr'><strong>τοῦ</strong></span> <span class='ocrx_word' id='word_1_108' title='bbox 1056 1199 1251 1272; x_wconf 78' lang='grc' dir='ltr'><strong><em>πελεκοφόρον</em></strong></span> 
     </span>
     <span class='ocr_line' id='line_1_13' title="bbox 152 1264 560 1340; baseline -0.002 -18"><span class='ocrx_word' id='word_1_109' title='bbox 152 1268 301 1337; x_wconf 74' lang='grc' dir='ltr'><strong><em>Κελτικοῦ)</em></strong></span> <span class='ocrx_word' id='word_1_110' title='bbox 311 1264 560 1340; x_wconf 79' lang='grc' dir='ltr'><strong><em>συλλαμβάνονται.</em></strong></span> 
     </span>
    </p>
   </div>
   <div class='ocr_carea' id='block_1_3' title="bbox 153 1379 1252 1631">
    <p class='ocr_par' dir='ltr' id='par_1_3' title="bbox 153 1379 1252 1631">
     <span class='ocr_line' id='line_1_14' title="bbox 235 1379 1252 1459; baseline 0.003 -18"><span class='ocrx_word' id='word_1_111' title='bbox 235 1382 273 1441; x_wconf 80' lang='lat' dir='ltr'><strong>ab.</strong></span> <span class='ocrx_word' id='word_1_112' title='bbox 287 1399 313 1441; x_wconf 85' lang='lat' dir='ltr'><strong>v.</strong></span> <span class='ocrx_word' id='word_1_113' title='bbox 328 1379 357 1443; x_wconf 85' lang='lat'><strong>5.</strong></span> <span class='ocrx_word' id='word_1_114' title='bbox 378 1382 460 1440; x_wconf 83' lang='lat' dir='ltr'><strong>ceilae</strong></span> <span class='ocrx_word' id='word_1_115' title='bbox 474 1399 557 1459; x_wconf 89' lang='lat' dir='ltr'><strong>porro</strong></span> <span class='ocrx_word' id='word_1_116' title='bbox 567 1398 669 1439; x_wconf 90' lang='lat' dir='ltr'><strong>nomen</strong></span> <span class='ocrx_word' id='word_1_117' title='bbox 681 1379 752 1439; x_wconf 90' lang='lat' dir='ltr'><strong>adeo</strong></span> <span class='ocrx_word' id='word_1_118' title='bbox 764 1381 964 1441; x_wconf 88' lang='lat' dir='ltr'><strong>recentioribus</strong></span> <span class='ocrx_word' id='word_1_119' title='bbox 978 1382 1094 1443; x_wconf 84' lang='lat' dir='ltr'><strong>Graecis</strong></span> <span class='ocrx_word' id='word_1_120' title='bbox 1109 1385 1202 1444; x_wconf 77' lang='lat' dir='ltr'><strong>arrisit</strong></span> <span class='ocrx_word' id='word_1_121' title='bbox 1218 1392 1252 1446; x_wconf 92' lang='lat' dir='ltr'><strong>ut</strong></span> 
     </span>
     <span class='ocr_line' id='line_1_15' title="bbox 153 1464 1251 1548; baseline 0.007 -25"><span class='ocrx_word' id='word_1_122' title='bbox 153 1464 183 1523; x_wconf 83' lang='lat' dir='ltr'><strong>irl</strong></span> <span class='ocrx_word' id='word_1_123' title='bbox 207 1466 347 1524; x_wconf 89' lang='lat' dir='ltr'><strong>etiamad</strong></span> <span class='ocrx_word' id='word_1_124' title='bbox 367 1466 543 1545; x_wconf 86' lang='lat' dir='ltr'><strong>imperatoris</strong></span> <span class='ocrx_word' id='word_1_125' title='bbox 565 1466 695 1526; x_wconf 88' lang='lat' dir='ltr'><strong>conclave</strong></span> <span class='ocrx_word' id='word_1_126' title='bbox 714 1468 906 1548; x_wconf 85' lang='lat' dir='ltr'><strong>traduxerint,</strong></span> <span class='ocrx_word' id='word_1_127' title='bbox 926 1474 960 1528; x_wconf 86' lang='lat' dir='ltr'><strong>ut</strong></span> <span class='ocrx_word' id='word_1_128' title='bbox 978 1470 1073 1531; x_wconf 86' lang='lat' dir='ltr'><strong>videre</strong></span> <span class='ocrx_word' id='word_1_129' title='bbox 1094 1476 1139 1531; x_wconf 85' lang='lat' dir='ltr'><strong>est</strong></span> <span class='ocrx_word' id='word_1_130' title='bbox 1154 1472 1200 1531; x_wconf 85' lang='lat' dir='ltr'><strong>liic</strong></span> <span class='ocrx_word' id='word_1_131' title='bbox 1219 1478 1251 1531; x_wconf 85' lang='lat' dir='ltr'><strong>et</strong></span> 
     </span>
     <span class='ocr_line' id='line_1_16' title="bbox 154 1550 604 1631; baseline 0.002 -22"><span class='ocrx_word' id='word_1_132' title='bbox 154 1550 220 1609; x_wconf 89' lang='lat' dir='ltr'><strong>alibi</strong></span> <span class='ocrx_word' id='word_1_133' title='bbox 236 1552 348 1629; x_wconf 88' lang='lat' dir='ltr'><strong>saepius</strong></span> <span class='ocrx_word' id='word_1_134' title='bbox 362 1552 440 1631; x_wconf 89' lang='lat' dir='ltr'><strong>apud</strong></span> <span class='ocrx_word' id='word_1_135' title='bbox 455 1552 604 1610; x_wconf 85' lang='lat' dir='ltr'><strong>Codinum.</strong></span> 
     </span>
    </p>
   </div>
   <div class='ocr_carea' id='block_1_4' title="bbox 152 1668 1257 2642">
    <p class='ocr_par' dir='ltr' id='par_1_4' title="bbox 152 1668 1257 2642">
     <span class='ocr_line' id='line_1_17' title="bbox 221 1668 1252 1747; baseline 0.008 -22"><span class='ocrx_word' id='word_1_136' title='bbox 221 1672 285 1726; x_wconf 83' lang='lat' dir='ltr'><strong>ibid.</strong></span> <span class='ocrx_word' id='word_1_137' title='bbox 310 1671 430 1726; x_wconf 85' lang='lat' dir='ltr'><strong>excubias</strong></span> <span class='ocrx_word' id='word_1_138' title='bbox 453 1677 558 1741; x_wconf 85' lang='lat' dir='ltr'><strong>agentes</strong></span> <span class='ocrx_word' id='word_1_139' title='bbox 579 1670 693 1741; x_wconf 79' lang='lat' dir='ltr'><strong>Barangi</strong></span> <span class='ocrx_word' id='word_1_140' title='bbox 718 1670 750 1725; x_wconf 88' lang='lat' dir='ltr'><strong>ad</strong></span> <span class='ocrx_word' id='word_1_141' title='bbox 768 1672 835 1727; x_wconf 88' lang='lat' dir='ltr'><strong>sacri</strong></span> <span class='ocrx_word' id='word_1_142' title='bbox 852 1672 960 1727; x_wconf 78' lang='lat' dir='ltr'><strong>cubiculi</strong></span> <span class='ocrx_word' id='word_1_143' title='bbox 979 1676 1047 1730; x_wconf 82' lang='lat' dir='ltr'><strong>tores</strong></span> <span class='ocrx_word' id='word_1_144' title='bbox 1064 1668 1252 1747; x_wconf 78' lang='lat' dir='ltr'><strong>vigilantens</strong></span> 
     </span>
     <span class='ocr_line' id='line_1_18' title="bbox 152 1740 1253 1818; baseline 0.008 -25"><span class='ocrx_word' id='word_1_145' title='bbox 152 1740 214 1794; x_wconf 90' lang='lat' dir='ltr'><strong>inde</strong></span> <span class='ocrx_word' id='word_1_146' title='bbox 238 1740 333 1811; x_wconf 90' lang='lat' dir='ltr'><strong>repulit</strong></span> <span class='ocrx_word' id='word_1_147' title='bbox 353 1742 528 1807; x_wconf 79' lang='lat' dir='ltr'><strong>Andronicus,</strong></span> <span class='ocrx_word' id='word_1_148' title='bbox 552 1748 581 1793; x_wconf 93' lang='lat' dir='ltr'><strong>ut</strong></span> <span class='ocrx_word' id='word_1_149' title='bbox 603 1742 712 1794; x_wconf 86' lang='lat' dir='ltr'><strong>molosso</strong></span> <span class='ocrx_word' id='word_1_150' title='bbox 738 1742 780 1795; x_wconf 90' lang='lat' dir='ltr'><strong>cui</strong></span> <span class='ocrx_word' id='word_1_151' title='bbox 804 1744 950 1796; x_wconf 82' lang='lat' dir='ltr'><strong>confidebat</strong></span> <span class='ocrx_word' id='word_1_152' title='bbox 968 1746 1082 1814; x_wconf 85' lang='lat' dir='ltr'><strong>corporis</strong></span> <span class='ocrx_word' id='word_1_153' title='bbox 1099 1749 1253 1818; x_wconf 78' lang='lat' dir='ltr'><strong>praesidium</strong></span> 
     </span>
     <span class='ocr_line' id='line_1_19' title="bbox 153 1806 1253 1899; baseline 0.005 -36"><span class='ocrx_word' id='word_1_154' title='bbox 153 1811 327 1881; x_wconf 86' lang='lat' dir='ltr'><strong>permitteret:</strong></span> <span class='ocrx_word' id='word_1_155' title='bbox 351 1808 381 1863; x_wconf 88' lang='lat' dir='ltr'><strong>oi</strong></span> <span class='ocrx_word' id='word_1_156' title='bbox 400 1807 450 1899; x_wconf 74' lang='lat' dir='ltr'><strong>pio</strong></span> <span class='ocrx_word' id='word_1_157' title='bbox 473 1806 526 1880; x_wconf 77' lang='grc' dir='ltr'><strong>γάρ</strong></span> <span class='ocrx_word' id='word_1_158' title='bbox 551 1807 796 1879; x_wconf 86' lang='grc' dir='ltr'><strong><em>σωματοφάλακες,</em></strong></span> <span class='ocrx_word' id='word_1_159' title='bbox 820 1813 857 1864; x_wconf 88' lang='lat' dir='ltr'><strong>ait</strong></span> <span class='ocrx_word' id='word_1_160' title='bbox 873 1812 982 1865; x_wconf 78' lang='lat' dir='ltr'><strong>Nicetes</strong></span> <span class='ocrx_word' id='word_1_161' title='bbox 998 1814 1025 1865; x_wconf 92' lang='lat' dir='ltr'><strong>in</strong></span> <span class='ocrx_word' id='word_1_162' title='bbox 1044 1815 1099 1867; x_wconf 90' lang='lat' dir='ltr'><strong>eius</strong></span> <span class='ocrx_word' id='word_1_163' title='bbox 1115 1816 1207 1871; x_wconf 84' lang='lat' dir='ltr'><strong>vital.</strong></span> <span class='ocrx_word' id='word_1_164' title='bbox 1225 1820 1253 1884; x_wconf 76' lang='lat'><strong>2,</strong></span> 
     </span>
     <span class='ocr_line' id='line_1_20' title="bbox 153 1874 1255 1950; baseline 0.005 -19"><span class='ocrx_word' id='word_1_165' title='bbox 153 1879 200 1932; x_wconf 83' lang='lat' dir='ltr'><strong>aul</strong></span> <span class='ocrx_word' id='word_1_166' title='bbox 218 1874 376 1946; x_wconf 77' lang='grc' dir='ltr'><strong><em>δορυφόροι</em></strong></span> <span class='ocrx_word' id='word_1_167' title='bbox 394 1874 507 1933; x_wconf 69' lang='lat' dir='ltr'><strong>anobis</strong></span> <span class='ocrx_word' id='word_1_168' title='bbox 523 1880 648 1932; x_wconf 81' lang='grc' dir='ltr'><strong><em>κοντοῦ</em></strong></span> <span class='ocrx_word' id='word_1_169' title='bbox 674 1879 816 1950; x_wconf 77' lang='grc' dir='ltr'><strong><em>βασιλικοῦ</em></strong></span> <span class='ocrx_word' id='word_1_170' title='bbox 837 1882 970 1943; x_wconf 76' lang='grc' dir='ltr'><strong><em>κοιτῶνος</em></strong></span> <span class='ocrx_word' id='word_1_171' title='bbox 990 1877 1092 1944; x_wconf 84' lang='grc' dir='ltr'><strong><em>νυκτός</em></strong></span> <span class='ocrx_word' id='word_1_172' title='bbox 1112 1902 1165 1936; x_wconf 90' lang='grc' dir='ltr'><strong>κατ</strong></span> <span class='ocrx_word' id='word_1_173' title='bbox 1185 1881 1255 1937; x_wconf 75' lang='lat' dir='ltr'><strong>uoci·</strong></span> 
     </span>
     <span class='ocr_line' id='line_1_21' title="bbox 155 1943 1255 2016; baseline 0.006 -16"><span class='ocrx_word' id='word_1_174' title='bbox 155 1947 255 2016; x_wconf 80' lang='grc' dir='ltr'><strong><em>ζοντο,</em></strong></span> <span class='ocrx_word' id='word_1_175' title='bbox 278 1943 293 2003; x_wconf 85' lang='grc' dir='ltr'><strong><em>ό</em></strong></span> <span class='ocrx_word' id='word_1_176' title='bbox 321 1944 353 2001; x_wconf 77' lang='lat' dir='ltr'><strong>bt</strong></span> <span class='ocrx_word' id='word_1_177' title='bbox 374 1966 404 2016; x_wconf 80' lang='grc' dir='ltr'><strong>νε</strong></span> <span class='ocrx_word' id='word_1_178' title='bbox 421 1943 496 2013; x_wconf 74' lang='grc' dir='ltr'><strong><em>κότον</em></strong></span> <span class='ocrx_word' id='word_1_179' title='bbox 514 1943 584 2015; x_wconf 86' lang='grc' dir='ltr'><strong><em>πρός</em></strong></span> <span class='ocrx_word' id='word_1_180' title='bbox 599 1952 662 2010; x_wconf 81' lang='grc' dir='ltr'><strong><em>ταῖς</em></strong></span> <span class='ocrx_word' id='word_1_181' title='bbox 678 1944 782 2013; x_wconf 72' lang='grc' dir='ltr'><strong><em>θύραις</em></strong></span> <span class='ocrx_word' id='word_1_182' title='bbox 798 1944 918 2003; x_wconf 74' lang='grc' dir='ltr'><strong><em>ἐδέδετο.</em></strong></span> <span class='ocrx_word' id='word_1_183' title='bbox 954 1952 1067 2003; x_wconf 82' lang='lat' dir='ltr'><strong>excubiis</strong></span> <span class='ocrx_word' id='word_1_184' title='bbox 1081 1952 1182 2005; x_wconf 84' lang='lat' dir='ltr'><strong>liberati</strong></span> <span class='ocrx_word' id='word_1_185' title='bbox 1200 1961 1255 2007; x_wconf 87' lang='lat' dir='ltr'><strong>sta-</strong></span> 
     </span>
     <span class='ocr_line' id='line_1_22' title="bbox 153 2016 1257 2087; baseline 0.005 -18"><span class='ocrx_word' id='word_1_186' title='bbox 153 2018 247 2069; x_wconf 91' lang='lat' dir='ltr'><strong>tionem</strong></span> <span class='ocrx_word' id='word_1_187' title='bbox 264 2017 319 2070; x_wconf 88' lang='lat' dir='ltr'><strong>loco</strong></span> <span class='ocrx_word' id='word_1_188' title='bbox 336 2017 406 2070; x_wconf 89' lang='lat' dir='ltr'><strong>dicto</strong></span> <span class='ocrx_word' id='word_1_189' title='bbox 423 2018 554 2073; x_wconf 79' lang='lat' dir='ltr'><strong>Eucubito</strong></span> <span class='ocrx_word' id='word_1_190' title='bbox 571 2016 718 2087; x_wconf 88' lang='lat' dir='ltr'><strong>deputatam</strong></span> <span class='ocrx_word' id='word_1_191' title='bbox 737 2017 882 2083; x_wconf 82' lang='lat' dir='ltr'><strong>habebant,</strong></span> <span class='ocrx_word' id='word_1_192' title='bbox 908 2018 946 2071; x_wconf 92' lang='lat' dir='ltr'><strong>ait</strong></span> <span class='ocrx_word' id='word_1_193' title='bbox 970 2020 1086 2073; x_wconf 80' lang='lat' dir='ltr'><strong>Zonaras</strong></span> <span class='ocrx_word' id='word_1_194' title='bbox 1110 2020 1136 2072; x_wconf 91' lang='lat' dir='ltr'><strong>in</strong></span> <span class='ocrx_word' id='word_1_195' title='bbox 1159 2022 1257 2075; x_wconf 80' lang='lat' dir='ltr'><strong>luanus</strong></span> 
     </span>
     <span class='ocr_line' id='line_1_23' title="bbox 154 2080 1254 2158; baseline 0.005 -20"><span class='ocrx_word' id='word_1_196' title='bbox 154 2087 298 2139; x_wconf 81' lang='lat' dir='ltr'><strong>Comueno:</strong></span> <span class='ocrx_word' id='word_1_197' title='bbox 323 2082 353 2139; x_wconf 81' lang='lat' dir='ltr'><strong>oi</strong></span> <span class='ocrx_word' id='word_1_198' title='bbox 368 2083 508 2158; x_wconf 73' lang='grc' dir='ltr'><strong><em>Βάραηηοι</em></strong></span> <span class='ocrx_word' id='word_1_199' title='bbox 523 2082 576 2155; x_wconf 83' lang='grc' dir='ltr'><strong>τὴν</strong></span> <span class='ocrx_word' id='word_1_200' title='bbox 592 2080 622 2139; x_wconf 72' lang='grc' dir='ltr'><strong>ἓν</strong></span> <span class='ocrx_word' id='word_1_201' title='bbox 639 2090 699 2148; x_wconf 81' lang='grc' dir='ltr'><strong><em>τοῖς</em></strong></span> <span class='ocrx_word' id='word_1_202' title='bbox 713 2080 895 2156; x_wconf 82' lang='grc' dir='ltr'><strong><em>Ἐξκουβίτου</em></strong></span> <span class='ocrx_word' id='word_1_203' title='bbox 912 2086 1086 2155; x_wconf 77' lang='grc' dir='ltr'><strong><em>διειληφότες</em></strong></span> <span class='ocrx_word' id='word_1_204' title='bbox 1101 2083 1189 2157; x_wconf 79' lang='grc' dir='ltr'><strong><em>ὁδόν,</em></strong></span> <span class='ocrx_word' id='word_1_205' title='bbox 1208 2086 1254 2143; x_wconf 79' lang='grc' dir='ltr'><strong>ἔν-</strong></span> 
     </span>
     <span class='ocr_line' id='line_1_24' title="bbox 154 2149 1255 2225; baseline 0.003 -16"><span class='ocrx_word' id='word_1_206' title='bbox 154 2158 249 2223; x_wconf 68' lang='grc' dir='ltr'><strong><em>θαπερ</em></strong></span> <span class='ocrx_word' id='word_1_207' title='bbox 272 2149 382 2217; x_wconf 78' lang='grc' dir='ltr'><strong><em>τούτοις</em></strong></span> <span class='ocrx_word' id='word_1_208' title='bbox 402 2153 451 2209; x_wconf 77' lang='grc' dir='ltr'><strong>καὶ</strong></span> <span class='ocrx_word' id='word_1_209' title='bbox 475 2151 494 2224; x_wconf 85' lang='grc' dir='ltr'>ἡ</span> <span class='ocrx_word' id='word_1_210' title='bbox 520 2156 684 2223; x_wconf 82' lang='grc' dir='ltr'><strong><em>κατοίκησις.</em></strong></span> <span class='ocrx_word' id='word_1_211' title='bbox 719 2156 787 2208; x_wconf 89' lang='lat' dir='ltr'><strong>unde</strong></span> <span class='ocrx_word' id='word_1_212' title='bbox 808 2155 917 2225; x_wconf 84' lang='lat' dir='ltr'><strong>antiquis</strong></span> <span class='ocrx_word' id='word_1_213' title='bbox 942 2159 1131 2211; x_wconf 72' lang='lat' dir='ltr'><strong>excubitoribus</strong></span> <span class='ocrx_word' id='word_1_214' title='bbox 1154 2160 1255 2214; x_wconf 79' lang='lat' dir='ltr'><strong>vocatis</strong></span> 
     </span>
     <span class='ocr_line' id='line_1_25' title="bbox 154 2223 1255 2297; baseline 0.004 -20"><span class='ocrx_word' id='word_1_215' title='bbox 154 2224 290 2291; x_wconf 82' lang='lat' dir='ltr'><strong>liarangos</strong></span> <span class='ocrx_word' id='word_1_216' title='bbox 306 2224 459 2277; x_wconf 80' lang='lat' dir='ltr'><strong>successisse</strong></span> <span class='ocrx_word' id='word_1_217' title='bbox 475 2241 525 2277; x_wconf 92' lang='lat' dir='ltr'><strong>non</strong></span> <span class='ocrx_word' id='word_1_218' title='bbox 542 2223 710 2277; x_wconf 82' lang='lat' dir='ltr'><strong>diffitendum.</strong></span> <span class='ocrx_word' id='word_1_219' title='bbox 745 2225 832 2277; x_wconf 82' lang='lat' dir='ltr'><strong>claves</strong></span> <span class='ocrx_word' id='word_1_220' title='bbox 849 2226 946 2277; x_wconf 91' lang='lat' dir='ltr'><strong>urbium</strong></span> <span class='ocrx_word' id='word_1_221' title='bbox 964 2225 998 2279; x_wconf 91' lang='lat' dir='ltr'><strong>ad</strong></span> <span class='ocrx_word' id='word_1_222' title='bbox 1021 2244 1085 2297; x_wconf 85' lang='lat' dir='ltr'><strong>quas</strong></span> <span class='ocrx_word' id='word_1_223' title='bbox 1107 2227 1255 2283; x_wconf 81' lang='lat' dir='ltr'><strong>divertebat</strong></span> 
     </span>
     <span class='ocr_line' id='line_1_26' title="bbox 153 2290 1256 2435; baseline 0.004 -20"><span class='ocrx_word' id='word_1_224' title='bbox 153 2294 458 2428; x_wconf 62' lang='lat' dir='ltr'><strong>{iussissetis</strong></span> <span class='ocrx_word' id='word_1_225' title='bbox 472 2308 538 2423; x_wconf 73' lang='lat' dir='ltr'><strong>:uz</strong></span> <span class='ocrx_word' id='word_1_226' title='bbox 553 2290 1256 2435; x_wconf 61' lang='grc' dir='ltr'><strong>λκκκκκλκ·λκικκκλλικ</strong></span> 
     </span>
     <span class='ocr_line' id='line_1_27' title="bbox 1185 2385 1256 2419; baseline 0 -10"><span class='ocrx_word' id='word_1_227' title='bbox 1185 2385 1204 2419; x_wconf 75' lang='grc' dir='ltr'><strong>α</strong></span> <span class='ocrx_word' id='word_1_228' title='bbox 1240 2396 1256 2409; x_wconf 69' lang='grc' dir='ltr'>ι</span> 
     </span>
     <span class='ocr_line' id='line_1_28' title="bbox 153 2425 1257 2574; baseline 0.008 -23"><span class='ocrx_word' id='word_1_229' title='bbox 153 2426 439 2571; x_wconf 67' lang='lat' dir='ltr'><strong>tentaturus</strong></span> <span class='ocrx_word' id='word_1_230' title='bbox 448 2426 925 2568; x_wconf 64' lang='lat' dir='ltr'><strong>restitutianus</strong></span> <span class='ocrx_word' id='word_1_231' title='bbox 943 2425 1071 2557; x_wconf 63' lang='lat' dir='ltr'><strong>,tut</strong></span> <span class='ocrx_word' id='word_1_232' title='bbox 1085 2431 1257 2574; x_wconf 74' lang='lat' dir='ltr'><strong>traua</strong></span> 
     </span>
     <span class='ocr_line' id='line_1_29' title="bbox 154 2542 1144 2642; baseline 0.007 -21"><span class='ocrx_word' id='word_1_233' title='bbox 154 2577 275 2623; x_wconf 80' lang='lat' dir='ltr'><strong>cenentur</strong></span> <span class='ocrx_word' id='word_1_234' title='bbox 293 2569 371 2639; x_wconf 68' lang='lat' dir='ltr'><strong>Angli</strong></span> <span class='ocrx_word' id='word_1_235' title='bbox 387 2570 567 2637; x_wconf 80' lang='lat' dir='ltr'><strong>excubitores,</strong></span> <span class='ocrx_word' id='word_1_236' title='bbox 585 2568 692 2623; x_wconf 83' lang='lat' dir='ltr'><strong>diximus</strong></span> <span class='ocrx_word' id='word_1_237' title='bbox 709 2570 740 2622; x_wconf 92' lang='lat' dir='ltr'><strong>ad</strong></span> <span class='ocrx_word' id='word_1_238' title='bbox 757 2542 939 2641; x_wconf 71' lang='lat' dir='ltr'><strong>Ouropalatam</strong></span> <span class='ocrx_word' id='word_1_239' title='bbox 955 2572 1023 2626; x_wconf 89' lang='lat' dir='ltr'><strong>notis</strong></span> <span class='ocrx_word' id='word_1_240' title='bbox 1038 2590 1067 2642; x_wconf 85' lang='lat' dir='ltr'><strong>p.</strong></span> <span class='ocrx_word' id='word_1_241' title='bbox 1083 2574 1144 2628; x_wconf 82' lang='lat'><strong>808.</strong></span> 
     </span>
    </p>
   </div>
   <div class='ocr_carea' id='block_1_5' title="bbox 155 2688 1260 3195">
    <p class='ocr_par' dir='ltr' id='par_1_5' title="bbox 155 2688 1260 3195">
     <span class='ocr_line' id='line_1_30' title="bbox 240 2688 1256 2775; baseline 0.008 -27"><span class='ocrx_word' id='word_1_242' title='bbox 240 2714 268 2774; x_wconf 89' lang='lat' dir='ltr'><strong>p.</strong></span> <span class='ocrx_word' id='word_1_243' title='bbox 281 2692 321 2755; x_wconf 83' lang='grc'><strong>87</strong></span> <span class='ocrx_word' id='word_1_244' title='bbox 335 2710 361 2751; x_wconf 87' lang='lat' dir='ltr'><strong>v.</strong></span> <span class='ocrx_word' id='word_1_245' title='bbox 371 2698 401 2757; x_wconf 85' lang='lat'><strong>7.</strong></span> <span class='ocrx_word' id='word_1_246' title='bbox 428 2690 583 2751; x_wconf 84' lang='lat' dir='ltr'><strong>stationarii</strong></span> <span class='ocrx_word' id='word_1_247' title='bbox 609 2689 722 2766; x_wconf 85' lang='lat' dir='ltr'><strong>milites]</strong></span> <span class='ocrx_word' id='word_1_248' title='bbox 744 2694 935 2769; x_wconf 67' lang='lat' dir='ltr'><strong>monuncourt,</strong></span> <span class='ocrx_word' id='word_1_249' title='bbox 962 2688 1044 2770; x_wconf 88' lang='grc' dir='ltr'><strong><em>παρά</em></strong></span> <span class='ocrx_word' id='word_1_250' title='bbox 1066 2688 1099 2756; x_wconf 87' lang='grc' dir='ltr'><strong>τό</strong></span> <span class='ocrx_word' id='word_1_251' title='bbox 1119 2694 1256 2775; x_wconf 75' lang='grc' dir='ltr'><strong><em>παραμέ-</em></strong></span> 
     </span>
     <span class='ocr_line' id='line_1_31' title="bbox 156 2775 1257 2854; baseline 0.001 -16"><span class='ocrx_word' id='word_1_252' title='bbox 156 2798 236 2851; x_wconf 84' lang='grc' dir='ltr'><strong><em>νειν,</em></strong></span> <span class='ocrx_word' id='word_1_253' title='bbox 260 2778 339 2851; x_wconf 87' lang='lat' dir='ltr'><strong>quasi</strong></span> <span class='ocrx_word' id='word_1_254' title='bbox 352 2775 539 2835; x_wconf 88' lang='lat' dir='ltr'><strong>mansionarii.</strong></span> <span class='ocrx_word' id='word_1_255' title='bbox 557 2781 672 2833; x_wconf 83' lang='lat' dir='ltr'><strong>vertunt</strong></span> <span class='ocrx_word' id='word_1_256' title='bbox 686 2780 780 2833; x_wconf 87' lang='lat' dir='ltr'><strong>tamen</strong></span> <span class='ocrx_word' id='word_1_257' title='bbox 797 2778 873 2836; x_wconf 91' lang='lat' dir='ltr'><strong>docti</strong></span> <span class='ocrx_word' id='word_1_258' title='bbox 888 2779 1083 2854; x_wconf 86' lang='lat' dir='ltr'><strong>stationarios,</strong></span> <span class='ocrx_word' id='word_1_259' title='bbox 1104 2780 1170 2854; x_wconf 89' lang='lat' dir='ltr'><strong>quia</strong></span> <span class='ocrx_word' id='word_1_260' title='bbox 1187 2780 1257 2839; x_wconf 85' lang='lat' dir='ltr'><strong>haec</strong></span> 
     </span>
     <span class='ocr_line' id='line_1_32' title="bbox 157 2859 1257 2939; baseline 0.002 -18"><span class='ocrx_word' id='word_1_261' title='bbox 157 2882 212 2921; x_wconf 85' lang='lat' dir='ltr'><strong>vox</strong></span> <span class='ocrx_word' id='word_1_262' title='bbox 225 2863 319 2939; x_wconf 87' lang='lat' dir='ltr'><strong>aptius</strong></span> <span class='ocrx_word' id='word_1_263' title='bbox 333 2863 461 2939; x_wconf 82' lang='lat' dir='ltr'><strong>exprimit</strong></span> <span class='ocrx_word' id='word_1_264' title='bbox 480 2862 510 2917; x_wconf 92' lang='lat' dir='ltr'><strong>id</strong></span> <span class='ocrx_word' id='word_1_265' title='bbox 532 2861 609 2934; x_wconf 88' lang='lat' dir='ltr'><strong>quod</strong></span> <span class='ocrx_word' id='word_1_266' title='bbox 632 2859 732 2917; x_wconf 89' lang='lat' dir='ltr'><strong>milites</strong></span> <span class='ocrx_word' id='word_1_267' title='bbox 752 2860 792 2917; x_wconf 92' lang='lat' dir='ltr'><strong>illi</strong></span> <span class='ocrx_word' id='word_1_268' title='bbox 812 2868 910 2937; x_wconf 87' lang='lat' dir='ltr'><strong>erant,</strong></span> <span class='ocrx_word' id='word_1_269' title='bbox 932 2881 1016 2935; x_wconf 86' lang='lat' dir='ltr'><strong>quarn</strong></span> <span class='ocrx_word' id='word_1_270' title='bbox 1036 2864 1121 2921; x_wconf 87' lang='lat' dir='ltr'><strong>dictio</strong></span> <span class='ocrx_word' id='word_1_271' title='bbox 1142 2870 1257 2923; x_wconf 77' lang='grc' dir='ltr'><strong><em>ιοοκαο-</em></strong></span> 
     </span>
     <span class='ocr_line' id='line_1_33' title="bbox 155 2944 1258 3026; baseline 0 -19"><span class='ocrx_word' id='word_1_272' title='bbox 155 2950 258 3007; x_wconf 75' lang='lat' dir='ltr'><strong>acrius</strong></span> <span class='ocrx_word' id='word_1_273' title='bbox 280 2947 316 3003; x_wconf 88' lang='lat' dir='ltr'><strong>de</strong></span> <span class='ocrx_word' id='word_1_274' title='bbox 329 2946 450 3004; x_wconf 83' lang='lat' dir='ltr'><strong>excubiis</strong></span> <span class='ocrx_word' id='word_1_275' title='bbox 467 2944 563 3022; x_wconf 90' lang='lat' dir='ltr'><strong>palatii</strong></span> <span class='ocrx_word' id='word_1_276' title='bbox 577 2950 607 3001; x_wconf 90' lang='lat' dir='ltr'><strong>et</strong></span> <span class='ocrx_word' id='word_1_277' title='bbox 623 2944 700 3002; x_wconf 90' lang='lat' dir='ltr'><strong>urbis</strong></span> <span class='ocrx_word' id='word_1_278' title='bbox 723 2945 821 3003; x_wconf 88' lang='lat' dir='ltr'><strong>itidem</strong></span> <span class='ocrx_word' id='word_1_279' title='bbox 840 2946 1006 3023; x_wconf 87' lang='lat' dir='ltr'><strong>Cpclitanae</strong></span> <span class='ocrx_word' id='word_1_280' title='bbox 1025 2947 1147 3026; x_wconf 87' lang='lat' dir='ltr'><strong>lepidam</strong></span> <span class='ocrx_word' id='word_1_281' title='bbox 1167 2949 1258 3007; x_wconf 85' lang='lat' dir='ltr'><strong>histo-</strong></span> 
     </span>
     <span class='ocr_line' id='line_1_34' title="bbox 156 3028 1260 3114; baseline 0.003 -23"><span class='ocrx_word' id='word_1_282' title='bbox 156 3033 227 3091; x_wconf 88' lang='lat' dir='ltr'><strong>riam</strong></span> <span class='ocrx_word' id='word_1_283' title='bbox 237 3031 359 3091; x_wconf 88' lang='lat' dir='ltr'><strong>iuvenies</strong></span> <span class='ocrx_word' id='word_1_284' title='bbox 372 3032 448 3109; x_wconf 90' lang='lat' dir='ltr'><strong>apud</strong></span> <span class='ocrx_word' id='word_1_285' title='bbox 461 3028 668 3109; x_wconf 88' lang='lat' dir='ltr'><strong>Luitprandum</strong></span> <span class='ocrx_word' id='word_1_286' title='bbox 684 3028 862 3089; x_wconf 87' lang='lat' dir='ltr'><strong>Ticinensem</strong></span> <span class='ocrx_word' id='word_1_287' title='bbox 873 3030 892 3090; x_wconf 89' lang='lat' dir='ltr'><strong>l.</strong></span> <span class='ocrx_word' id='word_1_288' title='bbox 907 3035 921 3094; x_wconf 93' lang='lat'>1</span> <span class='ocrx_word' id='word_1_289' title='bbox 939 3050 1032 3090; x_wconf 89' lang='lat' dir='ltr'><strong>rerum</strong></span> <span class='ocrx_word' id='word_1_290' title='bbox 1044 3050 1096 3112; x_wconf 86' lang='lat' dir='ltr'><strong>per</strong></span> <span class='ocrx_word' id='word_1_291' title='bbox 1113 3031 1260 3114; x_wconf 89' lang='lat' dir='ltr'><strong>Europam</strong></span> 
     </span>
     <span class='ocr_line' id='line_1_35' title="bbox 156 3114 685 3195; baseline 0.011 -20"><span class='ocrx_word' id='word_1_292' title='bbox 156 3122 320 3195; x_wconf 83' lang='lat' dir='ltr'><strong>gestamm,</strong></span> <span class='ocrx_word' id='word_1_293' title='bbox 338 3120 392 3179; x_wconf 76' lang='lat' dir='ltr'><strong>ca</strong></span> <span class='ocrx_word' id='word_1_294' title='bbox 407 3134 434 3175; x_wconf 88' lang='lat' dir='ltr'><strong>u.</strong></span> <span class='ocrx_word' id='word_1_295' title='bbox 447 3114 475 3178; x_wconf 85' lang='grc'><strong>4.</strong></span> <span class='ocrx_word' id='word_1_296' title='bbox 682 3132 685 3140; x_wconf 91' lang='grc'><strong>“</strong></span> 
     </span>
    </p>
   </div>
   <div class='ocr_carea' id='block_1_6' title="bbox 154 3214 1260 3519">
    <p class='ocr_par' dir='ltr' id='par_1_6' title="bbox 154 3214 1260 3519">
     <span class='ocr_line' id='line_1_36' title="bbox 227 3214 1260 3309; baseline 0.003 -17"><span class='ocrx_word' id='word_1_297' title='bbox 227 3238 290 3295; x_wconf 81' lang='lat' dir='ltr'><strong>ibid.</strong></span> <span class='ocrx_word' id='word_1_298' title='bbox 319 3238 381 3292; x_wconf 84' lang='lat' dir='ltr'><strong>festi</strong></span> <span class='ocrx_word' id='word_1_299' title='bbox 404 3236 580 3309; x_wconf 76' lang='lat' dir='ltr'><strong>pervigilium,</strong></span> <span class='ocrx_word' id='word_1_300' title='bbox 603 3235 672 3306; x_wconf 90' lang='lat' dir='ltr'><strong>quod</strong></span> <span class='ocrx_word' id='word_1_301' title='bbox 695 3233 867 3291; x_wconf 83' lang='lat' dir='ltr'><strong>celebritatem</strong></span> <span class='ocrx_word' id='word_1_302' title='bbox 888 3214 1037 3307; x_wconf 69' lang='grc' dir='ltr'><strong><em>παραμένῃ</em></strong></span> <span class='ocrx_word' id='word_1_303' title='bbox 1065 3247 1191 3309; x_wconf 73' lang='lat' dir='ltr'><strong>onomat,</strong></span> <span class='ocrx_word' id='word_1_304' title='bbox 1215 3258 1260 3295; x_wconf 87' lang='lat' dir='ltr'><strong>re-</strong></span> 
     </span>
     <span class='ocr_line' id='line_1_37' title="bbox 154 3302 1259 3377; baseline 0.003 -16"><span class='ocrx_word' id='word_1_305' title='bbox 154 3308 315 3362; x_wconf 85' lang='lat' dir='ltr'><strong>centioribus</strong></span> <span class='ocrx_word' id='word_1_306' title='bbox 333 3314 373 3361; x_wconf 88' lang='lat' dir='ltr'><strong>est</strong></span> <span class='ocrx_word' id='word_1_307' title='bbox 389 3302 548 3376; x_wconf 79' lang='grc' dir='ltr'><strong><em>παραμονή.</em></strong></span> <span class='ocrx_word' id='word_1_308' title='bbox 581 3304 704 3359; x_wconf 84' lang='lat' dir='ltr'><strong>satellites</strong></span> <span class='ocrx_word' id='word_1_309' title='bbox 723 3323 823 3377; x_wconf 91' lang='lat' dir='ltr'><strong>quoque</strong></span> <span class='ocrx_word' id='word_1_310' title='bbox 846 3306 985 3376; x_wconf 88' lang='lat' dir='ltr'><strong>principem</strong></span> <span class='ocrx_word' id='word_1_311' title='bbox 1008 3305 1102 3377; x_wconf 89' lang='lat' dir='ltr'><strong>ubique</strong></span> <span class='ocrx_word' id='word_1_312' title='bbox 1125 3318 1259 3365; x_wconf 80' lang='lat' dir='ltr'><strong>mouentes</strong></span> 
     </span>
     <span class='ocr_line' id='line_1_38' title="bbox 159 3373 1259 3449; baseline 0.003 -18"><span class='ocrx_word' id='word_1_313' title='bbox 159 3384 187 3431; x_wconf 88' lang='lat' dir='ltr'><strong>ct</strong></span> <span class='ocrx_word' id='word_1_314' title='bbox 211 3382 405 3449; x_wconf 82' lang='lat' dir='ltr'><strong>exspectantes,</strong></span> <span class='ocrx_word' id='word_1_315' title='bbox 429 3373 651 3445; x_wconf 78' lang='grc' dir='ltr'><strong><em>παραμένοντες,</em></strong></span> <span class='ocrx_word' id='word_1_316' title='bbox 676 3382 703 3429; x_wconf 85' lang='lat' dir='ltr'><strong>et</strong></span> <span class='ocrx_word' id='word_1_317' title='bbox 725 3392 784 3429; x_wconf 89' lang='lat' dir='ltr'><strong>eum</strong></span> <span class='ocrx_word' id='word_1_318' title='bbox 806 3375 896 3431; x_wconf 75' lang='lat' dir='ltr'><strong>adeam</strong></span> <span class='ocrx_word' id='word_1_319' title='bbox 918 3381 1063 3443; x_wconf 86' lang='lat' dir='ltr'><strong>mouentes,</strong></span> <span class='ocrx_word' id='word_1_320' title='bbox 1087 3380 1259 3449; x_wconf 81' lang='grc' dir='ltr'><strong><em>παραμονάν</em></strong></span> 
     </span>
     <span class='ocr_line' id='line_1_39' title="bbox 159 3447 525 3519; baseline -0.003 -20"><span class='ocrx_word' id='word_1_321' title='bbox 159 3447 355 3519; x_wconf 84' lang='lat' dir='ltr'><strong>appellationem</strong></span> <span class='ocrx_word' id='word_1_322' title='bbox 370 3453 525 3501; x_wconf 80' lang='lat' dir='ltr'><strong>meruerunt.</strong></span> 
     </span>
    </p>
   </div>
   <div class='ocr_carea' id='block_1_7' title="bbox 228 3542 1372 3627">
    <p class='ocr_par' dir='ltr' id='par_1_7' title="bbox 228 3542 1372 3627">
     <span class='ocr_line' id='line_1_40' title="bbox 228 3542 1372 3627; baseline 0.002 -17"><span class='ocrx_word' id='word_1_323' title='bbox 228 3558 263 3611; x_wconf 88' lang='lat' dir='ltr'><strong>ib.</strong></span> <span class='ocrx_word' id='word_1_324' title='bbox 280 3575 305 3610; x_wconf 82' lang='lat' dir='ltr'><strong>v.</strong></span> <span class='ocrx_word' id='word_1_325' title='bbox 322 3558 348 3611; x_wconf 88' lang='lat'><strong>9.</strong></span> <span class='ocrx_word' id='word_1_326' title='bbox 367 3552 465 3625; x_wconf 78' lang='grc' dir='ltr'><strong><em>άλοηα]</em></strong></span> <span class='ocrx_word' id='word_1_327' title='bbox 483 3554 551 3626; x_wconf 91' lang='lat' dir='ltr'><strong>quod</strong></span> <span class='ocrx_word' id='word_1_328' title='bbox 564 3542 900 3624; x_wconf 60' lang='lat' dir='ltr'><strong>irrationaic&#39;quodcuuque</strong></span> <span class='ocrx_word' id='word_1_329' title='bbox 916 3554 1094 3625; x_wconf 81' lang='lat' dir='ltr'><strong>significabat,</strong></span> <span class='ocrx_word' id='word_1_330' title='bbox 1117 3575 1185 3612; x_wconf 90' lang='lat' dir='ltr'><strong>nunc</strong></span> <span class='ocrx_word' id='word_1_331' title='bbox 1201 3560 1261 3627; x_wconf 80' lang='lat' dir='ltr'><strong>epiri</strong></span> <span class='ocrx_word' id='word_1_332' title='bbox 1366 3546 1372 3557; x_wconf 61' lang='grc'><em>’</em></span> 
     </span>
    </p>
   </div>
   <div class='ocr_carea' id='block_1_8' title="bbox 159 3620 1262 3835">
    <p class='ocr_par' dir='ltr' id='par_1_8' title="bbox 159 3620 1262 3835">
     <span class='ocr_line' id='line_1_41' title="bbox 159 3620 1262 3697; baseline -0.001 -17"><span class='ocrx_word' id='word_1_333' title='bbox 159 3626 294 3697; x_wconf 83' lang='lat' dir='ltr'><strong>speciatim</strong></span> <span class='ocrx_word' id='word_1_334' title='bbox 311 3631 351 3677; x_wconf 90' lang='lat' dir='ltr'><strong>est</strong></span> <span class='ocrx_word' id='word_1_335' title='bbox 366 3625 486 3678; x_wconf 88' lang='lat' dir='ltr'><strong>indicium</strong></span> <span class='ocrx_word' id='word_1_336' title='bbox 504 3620 623 3695; x_wconf 74' lang='lat' dir='ltr'><strong>oiioycn&#39;,</strong></span> <span class='ocrx_word' id='word_1_337' title='bbox 643 3630 672 3677; x_wconf 89' lang='lat' dir='ltr'><strong>ut</strong></span> <span class='ocrx_word' id='word_1_338' title='bbox 697 3625 763 3677; x_wconf 84' lang='lat' dir='ltr'><strong>inter</strong></span> <span class='ocrx_word' id='word_1_339' title='bbox 780 3624 937 3679; x_wconf 85' lang='lat' dir='ltr'><strong>irrationalia</strong></span> <span class='ocrx_word' id='word_1_340' title='bbox 953 3627 1179 3682; x_wconf 88' lang='lat' dir='ltr'><strong>communissimns.</strong></span> <span class='ocrx_word' id='word_1_341' title='bbox 1216 3627 1262 3680; x_wconf 91' lang='lat' dir='ltr'><strong>ubi</strong></span> 
     </span>
     <span class='ocr_line' id='line_1_42' title="bbox 161 3690 1261 3766; baseline 0.002 -17"><span class='ocrx_word' id='word_1_342' title='bbox 161 3703 250 3749; x_wconf 87' lang='lat' dir='ltr'><strong>auctor</strong></span> <span class='ocrx_word' id='word_1_343' title='bbox 267 3694 356 3748; x_wconf 79' lang='lat' dir='ltr'><strong>innon</strong></span> <span class='ocrx_word' id='word_1_344' title='bbox 370 3700 489 3749; x_wconf 88' lang='lat' dir='ltr'><strong>.correcte</strong></span> <span class='ocrx_word' id='word_1_345' title='bbox 505 3694 609 3764; x_wconf 88' lang='lat' dir='ltr'><strong>scribit,</strong></span> <span class='ocrx_word' id='word_1_346' title='bbox 631 3694 747 3755; x_wconf 79' lang='lat' dir='ltr'><strong>lectionis</strong></span> <span class='ocrx_word' id='word_1_347' title='bbox 769 3693 907 3748; x_wconf 82' lang='lat' dir='ltr'><strong>diversitas</strong></span> <span class='ocrx_word' id='word_1_348' title='bbox 930 3696 1079 3764; x_wconf 83' lang='lat' dir='ltr'><strong>frequenter</strong></span> <span class='ocrx_word' id='word_1_349' title='bbox 1097 3690 1202 3766; x_wconf 78' lang='grc' dir='ltr'><strong><em>άλοηον</em></strong></span> <span class='ocrx_word' id='word_1_350' title='bbox 1217 3714 1261 3751; x_wconf 87' lang='lat' dir='ltr'><strong>re·</strong></span> 
     </span>
     <span class='ocr_line' id='line_1_43' title="bbox 160 3762 481 3835; baseline -0.009 -17"><span class='ocrx_word' id='word_1_351' title='bbox 160 3766 247 3835; x_wconf 87' lang='lat' dir='ltr'><strong>posuit</strong></span> <span class='ocrx_word' id='word_1_352' title='bbox 259 3764 284 3818; x_wconf 91' lang='lat' dir='ltr'><strong>iu</strong></span> <span class='ocrx_word' id='word_1_353' title='bbox 302 3762 481 3835; x_wconf 88' lang='lat' dir='ltr'><strong>superioribus.</strong></span> 
     </span>
    </p>
   </div>
   <div class='ocr_carea' id='block_1_9' title="bbox 161 3866 1265 4362">
    <p class='ocr_par' dir='ltr' id='par_1_9' title="bbox 161 3866 1265 4362">
     <span class='ocr_line' id='line_1_44' title="bbox 231 3866 1262 3946; baseline -0.004 -16"><span class='ocrx_word' id='word_1_354' title='bbox 231 3876 295 3931; x_wconf 84' lang='lat' dir='ltr'><strong>ibid.</strong></span> <span class='ocrx_word' id='word_1_355' title='bbox 312 3868 446 3945; x_wconf 77' lang='grc' dir='ltr'><strong><em>φέροντες</em></strong></span> <span class='ocrx_word' id='word_1_356' title='bbox 461 3866 512 3935; x_wconf 82' lang='grc' dir='ltr'><strong>τάς</strong></span> <span class='ocrx_word' id='word_1_357' title='bbox 528 3868 656 3941; x_wconf 68' lang='grc' dir='ltr'><strong><em>σπάθας]</em></strong></span> <span class='ocrx_word' id='word_1_358' title='bbox 675 3874 810 3941; x_wconf 79' lang='lat' dir='ltr'><strong>Gregorns</strong></span> <span class='ocrx_word' id='word_1_359' title='bbox 827 3873 847 3928; x_wconf 92' lang='lat' dir='ltr'><strong>l.</strong></span> <span class='ocrx_word' id='word_1_360' title='bbox 863 3876 896 3929; x_wconf 76' lang='lat' dir='ltr'><strong>lis</strong></span> <span class='ocrx_word' id='word_1_361' title='bbox 918 3874 975 3929; x_wconf 80' lang='lat' dir='ltr'><strong>eois</strong></span> <span class='ocrx_word' id='word_1_362' title='bbox 999 3868 1033 3927; x_wconf 79' lang='lat' dir='ltr'><strong>di</strong></span> <span class='ocrx_word' id='word_1_363' title='bbox 1058 3871 1121 3941; x_wconf 71' lang='grc' dir='ltr'><strong><em>περὶ</em></strong></span> <span class='ocrx_word' id='word_1_364' title='bbox 1149 3868 1262 3946; x_wconf 73' lang='grc' dir='ltr'><strong><em>βασιλέα</em></strong></span> 
     </span>
     <span class='ocr_line' id='line_1_45' title="bbox 161 3938 1260 4013; baseline -0.002 -16"><span class='ocrx_word' id='word_1_365' title='bbox 161 3946 359 4013; x_wconf 84' lang='grc' dir='ltr'><strong><em>πελεκοφόριον</em></strong></span> <span class='ocrx_word' id='word_1_366' title='bbox 375 3940 425 3996; x_wconf 81' lang='grc' dir='ltr'><strong>καί</strong></span> <span class='ocrx_word' id='word_1_367' title='bbox 436 3943 609 4009; x_wconf 70' lang='grc' dir='ltr'><strong><em>στρατιωτῶν</em></strong></span> <span class='ocrx_word' id='word_1_368' title='bbox 619 3940 667 3995; x_wconf 81' lang='grc' dir='ltr'><strong>καί</strong></span> <span class='ocrx_word' id='word_1_369' title='bbox 679 3938 843 4011; x_wconf 82' lang='grc' dir='ltr'><strong><em>ξιφηφόρων</em></strong></span> <span class='ocrx_word' id='word_1_370' title='bbox 855 3940 1085 4011; x_wconf 76' lang='grc' dir='ltr'><strong><em>καταδαρθάνειν</em></strong></span> <span class='ocrx_word' id='word_1_371' title='bbox 1096 3941 1260 4011; x_wconf 80' lang='grc' dir='ltr'><strong><em>μελλόντων.</em></strong></span> 
     </span>
     <span class='ocr_line' id='line_1_46' title="bbox 163 4011 1263 4081; baseline -0.004 -14"><span class='ocrx_word' id='word_1_372' title='bbox 163 4016 328 4081; x_wconf 78' lang='grc' dir='ltr'><strong><em>στρατιῶται</em></strong></span> <span class='ocrx_word' id='word_1_373' title='bbox 356 4014 399 4066; x_wconf 81' lang='lat' dir='ltr'><strong>bio</strong></span> <span class='ocrx_word' id='word_1_374' title='bbox 421 4011 591 4079; x_wconf 83' lang='grc' dir='ltr'><strong><em>παραμοναί.</em></strong></span> <span class='ocrx_word' id='word_1_375' title='bbox 627 4014 700 4063; x_wconf 79' lang='lat' dir='ltr'><strong>Anna</strong></span> <span class='ocrx_word' id='word_1_376' title='bbox 723 4012 854 4065; x_wconf 79' lang='lat' dir='ltr'><strong>comnena</strong></span> <span class='ocrx_word' id='word_1_377' title='bbox 878 4013 895 4066; x_wconf 94' lang='grc' dir='ltr'><strong>Ι.</strong></span> <span class='ocrx_word' id='word_1_378' title='bbox 913 4015 931 4066; x_wconf 77' lang='grc'>2</span> <span class='ocrx_word' id='word_1_379' title='bbox 948 4013 981 4066; x_wconf 91' lang='lat' dir='ltr'><strong>ad</strong></span> <span class='ocrx_word' id='word_1_380' title='bbox 1000 4020 1137 4066; x_wconf 87' lang='lat' dir='ltr'><strong>extremam</strong></span> <span class='ocrx_word' id='word_1_381' title='bbox 1155 4014 1263 4065; x_wconf 76' lang='lat' dir='ltr'><strong>cdoems</strong></span> 
     </span>
     <span class='ocr_line' id='line_1_47' title="bbox 163 4074 1263 4151; baseline -0.005 -16"><span class='ocrx_word' id='word_1_382' title='bbox 163 4079 326 4151; x_wconf 73' lang='grc' dir='ltr'><strong><em>συναγαγών</em></strong></span> <span class='ocrx_word' id='word_1_383' title='bbox 342 4076 408 4143; x_wconf 78' lang='grc' dir='ltr'><strong><em>νοός</em></strong></span> <span class='ocrx_word' id='word_1_384' title='bbox 424 4075 472 4136; x_wconf 76' lang='grc' dir='ltr'><strong>ἐπὶ</strong></span> <span class='ocrx_word' id='word_1_385' title='bbox 492 4082 548 4133; x_wconf 81' lang='grc' dir='ltr'><strong>τάν</strong></span> <span class='ocrx_word' id='word_1_386' title='bbox 565 4074 647 4147; x_wconf 68' lang='grc' dir='ltr'><strong><em>νόμον</em></strong></span> <span class='ocrx_word' id='word_1_387' title='bbox 662 4074 698 4133; x_wconf 84' lang='grc' dir='ltr'><strong>τά</strong></span> <span class='ocrx_word' id='word_1_388' title='bbox 724 4079 792 4148; x_wconf 82' lang='grc' dir='ltr'><strong><em>ξίφη</em></strong></span> <span class='ocrx_word' id='word_1_389' title='bbox 813 4080 1027 4146; x_wconf 74' lang='grc' dir='ltr'><strong><em>κραδαίνοντας.</em></strong></span> <span class='ocrx_word' id='word_1_390' title='bbox 1061 4081 1184 4136; x_wconf 82' lang='lat' dir='ltr'><strong>satellites</strong></span> <span class='ocrx_word' id='word_1_391' title='bbox 1205 4081 1263 4133; x_wconf 87' lang='lat' dir='ltr'><strong>illos</strong></span> 
     </span>
     <span class='ocr_line' id='line_1_48' title="bbox 162 4148 1264 4220; baseline -0.004 -17"><span class='ocrx_word' id='word_1_392' title='bbox 162 4152 287 4220; x_wconf 89' lang='lat' dir='ltr'><strong>bicapulis</strong></span> <span class='ocrx_word' id='word_1_393' title='bbox 305 4152 424 4216; x_wconf 88' lang='lat' dir='ltr'><strong>ensibus,</strong></span> <span class='ocrx_word' id='word_1_394' title='bbox 441 4150 535 4220; x_wconf 89' lang='lat' dir='ltr'><strong>ineptis</strong></span> <span class='ocrx_word' id='word_1_395' title='bbox 553 4150 597 4220; x_wconf 93' lang='lat' dir='ltr'><strong>qui</strong></span> <span class='ocrx_word' id='word_1_396' title='bbox 615 4150 647 4203; x_wconf 91' lang='lat' dir='ltr'><strong>ad</strong></span> <span class='ocrx_word' id='word_1_397' title='bbox 663 4148 730 4202; x_wconf 86' lang='lat' dir='ltr'><strong>latus</strong></span> <span class='ocrx_word' id='word_1_398' title='bbox 747 4150 938 4219; x_wconf 80' lang='lat' dir='ltr'><strong>appendantur,</strong></span> <span class='ocrx_word' id='word_1_399' title='bbox 960 4150 1102 4220; x_wconf 84' lang='lat' dir='ltr'><strong>exindeque</strong></span> <span class='ocrx_word' id='word_1_400' title='bbox 1117 4150 1149 4202; x_wconf 90' lang='lat' dir='ltr'><strong>ad</strong></span> <span class='ocrx_word' id='word_1_401' title='bbox 1165 4164 1264 4203; x_wconf 90' lang='lat' dir='ltr'><strong>manum</strong></span> 
     </span>
     <span class='ocr_line' id='line_1_49' title="bbox 165 4218 1265 4289; baseline -0.003 -17"><span class='ocrx_word' id='word_1_402' title='bbox 165 4227 192 4272; x_wconf 83' lang='lat' dir='ltr'><strong>et</strong></span> <span class='ocrx_word' id='word_1_403' title='bbox 210 4236 288 4288; x_wconf 88' lang='lat' dir='ltr'><strong>supra</strong></span> <span class='ocrx_word' id='word_1_404' title='bbox 305 4220 424 4273; x_wconf 86' lang='lat' dir='ltr'><strong>humeros</strong></span> <span class='ocrx_word' id='word_1_405' title='bbox 437 4220 574 4289; x_wconf 83' lang='lat' dir='ltr'><strong>gerendis,</strong></span> <span class='ocrx_word' id='word_1_406' title='bbox 598 4226 710 4272; x_wconf 89' lang='lat' dir='ltr'><strong>armatos</strong></span> <span class='ocrx_word' id='word_1_407' title='bbox 726 4218 880 4289; x_wconf 83' lang='lat' dir='ltr'><strong>putaverim.</strong></span> <span class='ocrx_word' id='word_1_408' title='bbox 914 4221 957 4287; x_wconf 90' lang='lat' dir='ltr'><strong>id,</strong></span> <span class='ocrx_word' id='word_1_409' title='bbox 982 4221 1009 4272; x_wconf 95' lang='lat' dir='ltr'><strong>ni</strong></span> <span class='ocrx_word' id='word_1_410' title='bbox 1026 4238 1067 4273; x_wconf 88' lang='lat' dir='ltr'><strong>me</strong></span> <span class='ocrx_word' id='word_1_411' title='bbox 1083 4219 1151 4272; x_wconf 85' lang='lat' dir='ltr'><strong>tollit</strong></span> <span class='ocrx_word' id='word_1_412' title='bbox 1166 4233 1265 4284; x_wconf 85' lang='lat' dir='ltr'><strong>seusus,</strong></span> 
     </span>
     <span class='ocr_line' id='line_1_50' title="bbox 165 4288 1136 4362; baseline -0.002 -19"><span class='ocrx_word' id='word_1_413' title='bbox 165 4297 276 4359; x_wconf 81' lang='lat' dir='ltr'><strong>arguunt</strong></span> <span class='ocrx_word' id='word_1_414' title='bbox 293 4297 402 4344; x_wconf 83' lang='lat' dir='ltr'><strong>veteres·</strong></span> <span class='ocrx_word' id='word_1_415' title='bbox 412 4289 551 4345; x_wconf 82' lang='lat' dir='ltr'><strong>satellitum</strong></span> <span class='ocrx_word' id='word_1_416' title='bbox 569 4288 684 4360; x_wconf 86' lang='lat' dir='ltr'><strong>picturae</strong></span> <span class='ocrx_word' id='word_1_417' title='bbox 702 4294 730 4343; x_wconf 86' lang='lat' dir='ltr'><strong>et</strong></span> <span class='ocrx_word' id='word_1_418' title='bbox 745 4289 912 4345; x_wconf 74' lang='lat' dir='ltr'><strong>aucmritates</strong></span> <span class='ocrx_word' id='word_1_419' title='bbox 928 4290 1027 4362; x_wconf 77' lang='lat' dir='ltr'><strong>iamiam</strong></span> <span class='ocrx_word' id='word_1_420' title='bbox 1038 4289 1136 4343; x_wconf 86' lang='lat' dir='ltr'><strong>lectae.</strong></span> 
     </span>
    </p>
   </div>
   <div class='ocr_carea' id='block_1_10' title="bbox 0 0 1561 4942">
    <p class='ocr_par' dir='ltr' id='par_1_10' title="bbox 0 0 1561 4942">
     <span class='ocr_line' id='line_1_51' title="bbox 0 0 1561 4942; baseline 0 0"><span class='ocrx_word' id='word_1_421' title='bbox 0 0 1561 4942; x_wconf 95' lang='lat' dir='ltr'><strong> </strong></span> 
     </span>
    </p>
   </div>
  </div>
 </body>
</html>
