3092 4942
528 314 574 382 lN
595 314 744 383 CODlNI
774 316 859 383 CAP.
881 316 922 383 Π.
1007 363 1009 370 1
1203 318 1273 387 183

178 486 253 539 teor;
279 491 311 528 ac
332 476 433 531 tandem
458 492 514 531 eum
539 478 570 532 ab
594 479 748 549 imperatore
774 478 813 531 his
838 478 925 533 verbis
938 478 1078 533 institutum
1095 482 1144 533 “to
1160 496 1274 551 magnos

178 547 316 616 logotheta
345 548 436 609 esto,·“
466 564 532 614 quae
558 548 605 599 sihi
634 549 703 601 diota
726 548 856 601 Phranzes
879 550 986 613 asserit,
1017 548 1130 617 quamvis
1154 550 1218 602 elam
1235 551 1272 602 ita

178 624 280 668 creatus
299 632 346 684 pro
366 632 436 667 more
453 616 533 666 oflicii
550 616 727 684 imperatorem
743 616 863 670 venerari
878 634 910 669 ac
929 618 1030 685 publice
1048 618 1153 671 adorare
1177 620 1272 672 vetitus
1301 622 1306 631 '

177 684 266 737 luerit.
301 691 428 737 caeterum
455 702 488 735 an
517 685 558 735 hic
581 685 666 753 μέγας
688 682 842 753 λογοθέτης
863 685 928 739 ἰᾶται
954 686 989 738 sit
1006 685 1050 755 qui
1066 688 1121 739 onio
1137 686 1272 753 σεκρέσαν
1357 713 1362 722 ·

178 760 205 805 et
222 752 366 820 amplissimi
382 759 484 805 senatus
499 763 588 821 caput,
608 754 668 807 mihi
683 772 748 822 pene
764 753 908 807 indubiume
936 754 978 807 ubi
998 754 1062 807 enim
1080 756 1152 808 huius
1167 756 1270 821 mentio,

176 822 209 873 de
225 821 269 873 illo
287 821 365 873 altum
382 822 413 873 tit
429 823 573 887 silentium,
599 841 630 875 ac
653 832 709 874 cum
727 838 832 891 magnus
856 821 898 874 ille
921 831 1057 892 personat,
1084 824 1148 876 alius
1171 832 1272 879 secrete

176 892 275 942 latitate
305 907 337 941 an
365 906 414 941 uon
437 890 495 941 ideo
520 890 579 958 quia
606 889 754 942 binominem
779 890 888 941 diversis
911 894 1066 973 temporibus
1082 909 1110 943 se
1127 891 1190 943 iecit
1206 893 1270 946 haee

175 956 304 1025 dignitas?
339 966 411 1010 certe
427 960 569 1027 scrupulum
587 975 685 1011 ornnem
701 977 718 1011 a
733 960 840 1011 terenda
857 968 1000 1013 sententiae
1017 960 1156 1012 huiusmodi
1180 961 1288 1015 semita‘

174 1028 282 1080 Nieetas
300 1036 403 1079 amovet
417 1028 443 1079 in
462 1028 582 1081 librorum
600 1030 675 1081 titulo
694 1044 746 1098 quo
765 1045 795 1080 se
811 1025 965 1096 λοροθέτην
987 1030 1042 1083 τῶν
1065 1025 1199 1095 σεκρὲταν
1219 1028 1269 1083 καὶ

173 1091 221 1149 ἐπὶ
234 1097 290 1149 τῶν
303 1095 431 1163 κρίσεων,
457 1095 550 1148 secreti
566 1098 719 1163 logothetam
737 1102 763 1149 et
779 1095 878 1149 iudiciis
896 1100 1081 1165 praepositum,
1108 1098 1176 1150 etin
1194 1098 1267 1151 Mur·

173 1165 282 1234 amphio,
306 1158 352 1216 lot
377 1166 429 1217 τοῦ
442 1159 531 1231 ἄκρον
549 1167 647 1233 στῆσαι
663 1167 713 1234 τῆς
729 1162 881 1233 συγκλήτου
900 1166 1020 1236 βατῆρος
1036 1164 1083 1218 καὶ
1099 1162 1130 1218 ἐν
1145 1170 1204 1227 τοῖς
1221 1184 1263 1219 σε-

171 1229 510 1354 tl‘thttttttt
526 1232 884 1355 {hffl‘lt'rtt‘tntlt
903 1235 1266 1356 “22⁵²lh‘tt‘ltt‘0‘lh

598 1322 621 1354 nr
892 1322 900 1356 c

171 1388 290 1439 magnum
318 1320 477 1441 logothetam
500 1320 606 1439 edissent
640 1321 796 1440 ldgothedsm
817 1373 921 1439 insuper
950 1321 979 1427 cd
998 1322 1075 1423 ¹urbis
1105 1322 1264 1442 pdaefedtum

170 1440 242 1491 iubet
258 1441 422 1505 Anastasius,
441 1442 571 1492 referente
589 1442 707 1493 cedreno
723 1440 749 1491 in
768 1438 823 1493 eius
841 1440 903 1504 vita,
925 1458 1063 1494 conscenso
1076 1441 1183 1493 ambone
1195 1446 1264 1493 Ace-

169 1510 302 1578 phalorum
325 1510 449 1562 haeresim
473 1509 644 1577 proclamares
668 1507 730 1578 quid
756 1510 805 1560 hoe
828 1509 894 1561 aliud
910 1526 984 1578 quam
1001 1516 1104 1563 senatus
1120 1509 1262 1577 praesidem

169 1578 403 1699 tllllltllt
418 1579 594 1699 8888OE
618 1577 931 1700 &88:888th
947 1584 975 1701 ‘a‘
992 1578 1143 1698 ”⁰8⁶8oe
1170 1576 1262 1699 llll

168 1716 255 1768 statim
268 1717 316 1767 suh
334 1664 617 1779 salafaciarim
627 1665 653 1768 in
671 1665 762 1768 lseadii
783 1716 875 1782 Angeli
891 1716 909 1769 l.
926 1691 945 1769 8
960 1665 1035 1783 legs,
1054 1664 1169 1783 dsposugnum
1188 1716 1261 1781 logo-

168 1785 265 1836 thetam
282 1783 348 1854 apud
365 1784 536 1855 Nicephorum
550 1785 695 1851 Gregoram
712 1790 738 1836 et
761 1801 792 1836 eo
817 1784 987 1853 posteriores,
1014 1784 1170 1851 logothetam
1194 1784 1260 1835 nude

167 1862 295 1923 sumptum
312 1853 354 1905 rel
370 1853 422 1906 rori
437 1854 547 1924 pressari
563 1853 651 1905 addito
668 1852 736 1922 apud
753 1870 841 1906 omnes
859 1853 952 1905 Niceta
968 1853 1092 1921 scriptore
1105 1852 1260 1921 superiores.

251 1981 281 2038 p.
295 1962 316 2022 9
330 1979 356 2019 v.
374 1962 423 2023 10.
443 1958 659 2019 Protosebastus
671 1962 883 2039 primaugastoe,
896 1963 930 2016 ut
940 1956 1058 2015 Wolfius
1069 1960 1260 2015 vertereama-

166 2045 225 2104 bat.
245 2044 374 2122 Rogemus
388 2045 419 2103 in
437 2043 592 2103 Annalibus
613 2043 787 2121 Anglioanis:
810 2044 856 2121 qai
868 2042 1011 2101 nocodotnr
1026 2042 1126 2101 &aare
1144 2047 1260 2118 protose-

166 2133 269 2205 dostoe,
290 2131 391 2189 Latine
404 2131 637 2209 comapolutt‘mss.
655 2128 843 2207 protosebasti
858 2127 980 2203 dignitas
990 2126 1090 2183 dicitur
1103 2126 1147 2183 hic
1160 2126 1259 2183 ordine

164 2207 276 2275 decima
285 2216 382 2287 tertia3
398 2220 428 2273 et
440 2215 481 2273 ita
492 2220 537 2273 est
551 2216 581 2273 in
593 2221 692 2273 nostro
702 2214 805 2271 indice:
823 2212 853 2270 in
866 2211 994 2289 catalogo
1005 2209 1076 2269 Iuris
1087 2210 1259 2271 Graeconun

163 2301 182 2358 l.
197 2306 216 2362 2
232 2302 368 2359 decimum
381 2306 511 2375 quartum
524 2300 616 2360 locum
635 2298 751 2359 obtinet
781 2298 810 2357 in
829 2302 926 2359 nostro
946 2314 1066 2375 maguus
1088 2295 1258 2354 domesticus

161 2376 282 2461 ‘quartus
295 2391 357 2463 est,
376 2386 406 2443 in
419 2384 466 2444 illo
483 2386 626 2464 septimus.
1017 2438 1019 2443 .

229 2479 261 2537 ‘0
286 2477 528 2553 πρωτοσέβαστος]
557 2480 697 2535 inauditum
726 2484 789 2533 ante
816 2480 897 2534 alexii
927 2476 1050 2533 comneni
1077 2480 1177 2546 tempus
1207 2492 1254 2529 no-

162 2570 236 2617 men3
262 2570 293 2605 ao
318 2553 362 2605 uhi
383 2568 439 2604 eum
460 2553 680 2605 sebastocratoros
703 2556 730 2603 et
754 2548 983 2620 panhypersebasti
1000 2554 1163 2603 commentum
1181 2546 1255 2597 Anna

162 2622 217 2673 filia
241 2629 329 2675 narrat
350 2620 368 2674 l.
390 2622 424 2688 3,
454 2620 492 2673 ibi
511 2637 631 2689 generum
656 2618 807 2672 Taronitem
829 2615 997 2689 protosebasti
1018 2624 1045 2667 et
1064 2613 1255 2683 protovestiarii

162 2691 287 2755 dignitate
311 2697 409 2743 auctum
448 2689 583 2741 Adrianum
600 2705 662 2740 vero
681 2690 787 2740 tratrem
806 2688 1008 2755 protosebastum
1025 2682 1187 2735 clarissimum
1205 2700 1253 2734 vo-

162 2767 260 2825 catum,
284 2760 380 2812 referte
405 2777 421 2812 ο
445 2754 585 2825 Ἀδριανὸς
606 2753 623 2811 d
643 2750 765 2822 ἀδελφὸς
777 2757 828 2809 τοῦ
843 2754 1012 2821 κρατοῦντος
1026 2746 1252 2819 πρατοσέβαστος

161 2824 289 2892 adrodens
314 2822 559 2895 περιφανέστατος.
593 2842 652 2879 mox
675 2826 774 2892 absque
797 2824 879 2877 medio
897 2822 999 2875 subdite
1024 2818 1130 2873 τούτων
1147 2814 1179 2871 dl
1196 2819 1252 2870 ecio

160 2892 326 2966 ἀξιωμάτων
340 2892 393 2965 τὴν
409 2895 589 2963 καινοτομίαν
605 2890 620 2948 d
639 2888 703 2963 ἐμὸς
724 2887 817 2961 πατὴρ
839 2886 1047 2958 προσεξεύρατο.
1082 2888 1145 2939 alios
1163 2894 1251 2955 proto-

160 2968 278 3019 sebastos
301 2965 492 3037 protovestiarii
516 2964 640 3031 dignitate
665 2962 798 3015 coniuncta
817 2960 925 3017 Nicetes
943 2960 1075 3025 Gregoras
1093 2954 1252 3007 Cuntacuzc-

159 3053 209 3091 nus
226 3042 368 3088 recensent.
403 3034 436 3086 ad
454 3033 568 3087 Alesiam
586 3040 612 3084 et
630 3034 726 3084 Annam
742 3030 829 3082 redeo.
861 3029 918 3098 ipsa
935 3026 980 3079 nbi
999 3026 1111 3105 Venetos
1128 3021 1251 3104 bellorum

160 3106 242 3157 socios
259 3106 332 3157 donis
349 3103 513 3155 othonorum
530 3101 635 3152 cumulis
651 3118 667 3153 a
684 3106 758 3169 patre
773 3101 950 3167 compensatos
973 3098 1072 3157 narrat,
1096 3107 1178 3161 rpsum
1195 3109 1252 3143 rer-

159 3176 277 3243 publicae
294 3174 383 3225 ducem
399 3172 635 3242 protosehastorum
651 3169 776 3237 dignitate
793 3174 819 3219 et
835 3163 986 3247 stipendiis,
1002 3161 1170 3233 patriarcham
1188 3177 1250 3211 vero

160 3243 347 3312 perveneraudi
363 3240 553 3311 appellatione,
576 3240 668 3291 collato
685 3253 736 3287 non
760 3235 877 3289 illiberah
901 3234 1037 3295 donativo,
1061 3231 1250 3283 cohonestatum

159 3312 259 3399 scribit.
285 3313 374 3394 ‘verba
396 3310 450 3394 eius
467 3316 540 3393 sunt:
552 3371 558 3391 ι
568 3302 599 3369 ὃς
616 3302 790 3390 διοὶτπολλῶν
806 3298 924 3391 τούτοοέ
937 3296 1123 3383 ἀμειψάμενος
1139 3298 1250 3382 διαρκῶν

157 3375 695 3535 cernunt,taetantes
709 3376 925 3527 ‚loeutus
939 3367 1250 3555 transnatant:

156 3536 251 3655 tlt?
268 3517 369 3639 :8⁰⁰8
390 3511 1248 3655 ttttntntttt,tltalhtth‘stlattas

155 3662 301 3709 stentarent
316 3654 443 3736 inopiam,
457 3670 538 3723 pauco
557 3658 626 3703 retro
643 3658 770 3719 tempore,
787 3665 854 3700 anno
871 3646 988 3699 videlicet
1006 3646 1086 3709 1073,
1106 3644 1248 3722 Gregorius

154 3726 278 3794 septimus
294 3724 410 3796 pontufex
428 3724 558 3774 Romanus
574 3719 654 3772 literis
676 3720 768 3772 luisset
794 3720 924 3781 hortatus,
953 3714 1097 3781 dequibus
1123 3712 1247 3790 Batonius

154 3794 199 3846 illo
218 3812 283 3846 anuo
298 3810 366 3845 num,
385 3793 428 3845 51.
460 3779 630 3859 protasebasti
646 3789 728 3858 pileus
748 3784 925 3847 arctantis,
943 3791 973 3834 ut
990 3798 1013 3837 a.
1032 3781 1048 3833 4
1064 3781 1183 3863 legemus,
1204 3796 1245 3829 vr-

154 3863 267 3932 ridisque
284 3862 369 3931 liquor
385 3860 410 3913 ei
426 3858 562 3928 proprius,
579 3874 646 3926 quo,
664 3859 733 3909 siout
746 3856 884 3925 imperator
900 3853 994 3935 rubra,
1016 3849 1177 3933 subsrgnandr
1196 3864 1243 3927 po-

154 3938 273 3983 testatem
291 3938 381 3984 nactus
398 3934 446 3983 est
481 3928 584 3979 Nicetes
609 3928 642 3979 de
666 3925 756 3980 Alexio
772 3922 994 4005 protosebasto‘rn
1013 3920 1101 3971 Alexro
1118 3916 1244 3999 Manuplrs

154 4001 222 4052 filio:
244 3996 335 4068 δόγμα
354 3994 386 4052 ἐκ
403 3992 533 4068 βασιλέως
548 3992 683 4063 ἐξήνεγκε,
694 3990 732 4062 μὴ
747 3987 836 4054 ἄλλως
852 3985 1045 4053 adraensem
1061 3986 1173 4039 οἴεσθαι
1190 4000 1244 4037 οσα

928 4054 936 4077 h

154 4064 319 4139 ἡβασιλικὴ
346 4065 404 4137 χεὶρ
430 4061 646 4133 ὑποσημαίνεται
668 4060 829 4131 γράμματα,
853 4056 880 4113 εἰ
901 4055 1099 4183 μμππρότερον
1124 4050 1243 4136 sindulfo

152 4138 192 4209 τῷ
214 4132 336 4206 usagio,
362 4134 411 4189 soal
434 4129 508 4188 odoro
525 4127 576 4201 τὴν
589 4126 684 4215 dadonis
700 4131 740 4203 api
755 4127 908 4201 βατραχείφ
961 4121 1038 4189 adoris
1053 4120 1173 4195 χρώματι
1189 4138 1243 4189 την

151 4208 204 4261 τοῦ
221 4200 348 4274 ἐρυθροῦ
366 4198 547 4271 draconarius
564 4202 730 4273 βραβενσειε.

235 4294 270 4355 ln
284 4300 382 4355 nostro
399 4293 491 4353 nullus
505 4297 549 4351 est
571 4284 715 4363 όῧτατος
730 4292 790 4350 τῶν
806 4282 1003 4366 φιλοσόφων,
1024 4300 1139 4343 asamar
1154 4280 1245 4362 philo-
