3092 4942
531 294 578 363 nu
598 292 748 364 connu
776 240 860 365 cnr.
877 296 937 369 ru.
1211 298 1284 373 245

180 474 266 517 muru
287 456 387 517 sacten
429 453 573 517 Robertun
593 456 631 515 de
650 455 750 517 Monte
770 458 801 517 iu
822 454 978 519 Chronico:
999 478 1048 520 ror
1064 458 1198 523 Hernicus
1212 463 1294 542 fecit,

174 542 285 621 socrate
299 542 360 602 olto
379 546 406 599 et
420 542 480 601 loto
492 548 562 605 inter
580 542 724 603 Frondem
737 548 764 604 ct
783 540 973 607 Norrnnnnr'um
984 548 1024 619 vad
1037 548 1179 626 praedones
1191 568 1285 607 arcen-

177 626 234 687 dos.
277 626 407 687 Andreas
420 627 567 707 presbyter
588 628 618 685 in
636 628 777 690 Chronico
797 628 947 690 Berenice:
976 630 1140 711 Ratioprnae
1161 654 1180 693 a
1202 640 1284 713 porta

177 710 214 777 S.
229 711 307 773 Petri
323 731 406 790 meroe
419 720 525 791 portem
540 714 725 776 occidentalem
738 714 875 793 forratum
891 720 1007 777 aterius
1019 716 1081 795 (der
1094 716 1281 795 rtudtgrnben)

176 800 208 855 in
221 798 430 876 totoperflco'tur.
472 798 595 858 invenies
615 798 713 856 itidem
732 793 908 877 φουσσάτον
934 806 964 859 et
979 795 1143 879 φουσάτον.
1167 804 1281 879 quiret

95 887 102 897 ¹
174 882 295 959 simplex
307 882 553 961 vocobulumsorra
563 902 645 941 suum
656 884 760 957 fecere3
775 888 805 942 et
820 889 941 961 φοσσᾶν
949 885 1058 964 fodere,
1068 886 1172 965 ferron
1178 888 1279 967 secere.

175 968 276 1026 eadem
290 966 407 1024 notione
420 974 560 1047 usurpant
574 966 706 1039 σε’δετον,
727 989 780 1047 pru
795 970 893 1029 castris
908 970 1019 1031 scilicet.
1054 972 1174 1031 Suidas:
1197 970 1284 1034 σέδε-’

174 1074 230 1113 τον
245 1046 281 1114 ccl
295 1046 522 1129 nucerinen-*ab
543 1054 642 1113 eadem
660 1054 777 1112 notione
793 1060 838 1113 est
863 1051 1016 1135 ἄπληκτον
1034 1055 1188 1136 (significat
1205 1057 1279 1116 enim

174 1134 284 1215 cestro)
299 1128 542 1215 etennensium
564 1158 599 1196 ex
617 1136 723 1197 Latino
736 1140 889 1217 applicare,
909 1148 1000 1201 cerna
1019 1145 1122 1201 meteri.
1142 1143 1208 1201 virle
1227 1142 1279 1200 Ri-

173 1220 295 1298 geltium
318 1222 349 1280 in
373 1239 426 1281 eno
450 1223 648 1290 Mirobarbaro
670 1230 702 1284 et
731 1223 886 1286 meursium
902 1227 932 1286 in
955 1246 1007 1286 suo
1028 1226 1278 1287 GraecuBerboro

174 1306 328 1366 Glossario.

260 1406 346 1487 nto
364 1411 456 1474 r.17.
482 1406 634 1486 mesenen
654 1407 750 1487 alogi]
776 1410 929 1469 nonsatis
953 1410 1052 1487 mireri-
1068 1427 1184 1489 possum
1207 1410 1278 1486 quid
1326 1434 1328 1440 ⁸

159 1490 296 1551 .1unioin
308 1499 432 1551 mentem
445 1494 570 1569 venerit,
590 1498 623 1550 ut
639 1509 737 1551 vocem
751 1491 862 1575 ἄλογον
878 1496 914 1555 ab
930 1496 1061 1555 Hebraeo
1083 1496 1163 1555 lolnc
1183 1492 1277 1574 (quod

173 1584 220 1635 est
230 1575 285 1657 ire)
306 1578 467 1657 deduxerit,
488 1598 551 1637 cum
563 1578 625 1636 luce
638 1578 738 1637 clarius
749 1580 788 1638 sit
803 1576 912 1663 ἄλογον
932 1600 995 1661 esse
1010 1600 1106 1639 vocem
1127 1578 1275 1655 Graecam,

114 1722 117 1727 ,
174 1664 256 1739 quasi
274 1662 350 1721 dicen
370 1665 541 1735 irrationale3
562 1682 619 1739 quo
633 1665 745 1723 nomine
763 1666 932 1726 recentiores
951 1667 1052 1727 Graeci
1070 1686 1147 1744 equor
1168 1665 1275 1741 signifi·
1312 1686 1314 1691 ¹

172 1756 247 1806 cant.
267 1744 432 1826 Anonymus
446 1750 525 1827 apud
537 1748 706 1825 Rigaltium:
729 1745 823 1833 ἄλογα
838 1754 897 1835 ζῷα
910 1744 1083 1831 νωτοφόρα,
1099 1744 1274 1829 ἆχθοφόρα.
1375 1786 1378 1789 -

150 1851 157 1866 “
171 1839 203 1890 et
216 1832 345 1891 absolute
359 1854 413 1913 pro
426 1835 506 1909 equis
520 1834 643 1892 invenies
657 1836 735 1913 apud
753 1836 918 1895 Mauriclum
932 1836 1058 1896 Leonem
1076 1841 1106 1893 et
1122 1835 1199 1893 alios.
1219 1835 1275 1893 ita-

173 1937 230 1993 que
239 1917 386 1978 Iuniannm
401 1921 522 1979 laturum
537 1919 683 1996 ablegetur
693 1920 731 1980 ad
741 1923 871 1981 nuntium
882 1940 933 1981 eeu
945 1923 1098 1999 viatorem,
1119 1937 1219 1997 quem,
1240 1922 1274 1977 ut

170 2002 268 2061 lunius
281 2004 392 2083 inquit,
414 2004 526 2065 Turene
540 2004 685 2084 appellant
697 2006 786 2066 lnlnc.

255 2105 293 2163 ib.
312 2123 339 2163 v.
358 2107 410 2168 21.
429 2111 556 2165 multura
575 2104 657 2163 lunio
669 2112 714 2164 est
726 2107 821 2185 cleve,
842 2125 877 2167 ex
892 2104 989 2165 Italico
1009 2097 1158 2165 Morrnvel
1177 2103 1273 2181 potius

171 2189 281 2249 Gallico
295 2188 425 2267 Merme,
447 2197 480 2249 ut
493 2190 592 2265 iuquit
611 2191 742 2248 scribitur
760 2194 845 2251 etiem
865 2186 1052 2273 ματζούκιον.
1079 2190 1183 2248 ibidem
1201 2205 1273 2266 στη-

170 2269 254 2337 λειόν
268 2276 374 2355 occipio
389 2294 441 2355 pro
455 2280 540 2334 contu
553 2294 603 2334 seu
617 2276 711 2333 hastili
724 2283 885 2355 matzucae,
905 2276 952 2335 der
969 2274 1045 2346 rtiel3
1069 2276 1099 2333 in
1115 2275 1193 2331 cuius
1210 2292 1277 2353 ver-¹

171 2362 228 2418 tice
237 2367 298 2419 erat
310 2363 449 2441 βουιὶον,
467 2361 566 2437 botta,
587 2381 656 2439 cupa
672 2380 724 2420 seu
738 2364 849 2441 repello
870 2362 1000 2421 scribitur
1013 2378 1128 2437 quoque
1145 2355 1273 2439 βουτὲον

171 2464 240 2523 seu,
266 2452 299 2504 ut
321 2445 478 2524 nigecius,
507 2438 663 2524 βούττιον,
692 2443 817 2527 βούτζη,
843 2442 997 2527 βούτζιον,
1031 2443 1167 2525 βούττιςς
1197 2460 1272 2520 quae

170 2550 230 2589 nnn
243 2536 355 2591 tanturn
368 2551 468 2611 cupam
481 2550 531 2588 seu
545 2530 699 2612 cupellam,
719 2534 771 2590 sed
783 2535 847 2612 ipsa
859 2533 943 2611 etiam
960 2534 1072 2609 integra
1085 2550 1154 2589 vasa
1165 2528 1272 2585 vinaria

170 2617 347 2695 significent,
368 2624 401 2675 ut
423 2622 453 2674 te
475 2617 505 2674 in
526 2615 676 2675 Glossariis
698 2618 756 2675 suis
773 2623 919 2677 auctonim
941 2616 1106 2677 testimoniis
1128 2614 1271 2673 docebunt
1287 2608 1309 2664 P
1324 2606 1378 2662 2⁰3

170 2701 312 2777 Rigaltius
340 2702 479 2761 Meursius
505 2706 535 2759 et
554 2702 740 2759 Casaubonus
759 2704 798 2761 ed
819 2702 1010 2781 Capitolinum
1023 2708 1053 2759 et
1072 2700 1198 2758 Fluvium
1211 2697 1271 2756 Vo-

171 2787 279 2864 pisernn
292 2809 320 2865 p.
332 2787 411 2866 412,
432 2788 502 2849 522.
522 2784 670 2844 Germanis
682 2788 748 2843 inde
761 2790 838 2846 veuit
852 2790 958 2861 butten,
980 2788 1017 2845 de
1032 2804 1099 2845 vase
1113 2782 1269 2859 normano,

171 2890 228 2947 quo
239 2891 310 2931 uvae
319 2870 401 2931 lama
414 2870 660 2930 vindemiatoribus
673 2878 796 2931 resectae
810 2890 861 2951 per
875 2872 1030 2931 destinatos
1044 2870 1125 2929 adid
1141 2868 1270 2926 homines

169 2956 339 3035 colliguntur
352 2963 383 3014 et
397 2958 435 3015 ad
448 2954 570 3014 torcular
583 2958 762 3033 deferuntur,
781 2975 942 3033 quenquam
956 2958 1045 3015 buttes
1058 2955 1155 3012 itidem
1166 2957 1270 3011 vocent

170 3042 226 3101 alia
239 3040 381 3101 dorsualia
393 3042 589 3117 instrumenta,
604 3042 642 3099 ad
654 3041 862 3099 similitudinem
874 3042 972 3101 vinarii
985 3040 1057 3097 illius
1070 3040 1154 3097 facte.
1176 3035 1269 3113 quid?

170 3128 249 3202 quod
263 3127 363 3185 Graeci
376 3146 477 3204 cupam
491 3143 605 3203 quoque
618 3126 648 3183 in
668 3145 750 3185 suam
768 3126 894 3203 linguam
913 3124 1133 3203 transtulerim,
1155 3126 1269 3185 κοῦπα.

161 3213 298 3287 ‚adfertur
311 3212 395 3269 etiam
408 3203 568 3293 βούτινον,
587 3210 742 3289 butinupro
756 3210 866 3289 lagena.
886 3211 969 3270 bntto
990 3228 1086 3269 sacrae
1104 3206 1274 3287 supellectili.
1343 3211 1346 3220 '

169 3297 333 3375 adiungitur
347 3297 384 3357 ab
397 3295 547 3356 Anastasio
560 3296 591 3353 in
603 3294 700 3355 Leone
717 3296 772 3355 IV:
795 3297 890 3357 obtulit
903 3301 932 3357 in
945 3296 1059 3355 barilion
1070 3296 1093 3353 ὁ.
1110 3293 1187 3354 Petri
1200 3312 1267 3370 apo-

169 3383 234 3441 stoli
253 3386 384 3442 bettonem
402 3382 435 3441 de
453 3385 724 3458 argentomrem.
743 3381 846 3459 igitur,
864 3386 899 3441 ut
918 3382 983 3441 hinc
1001 3380 1151 3458 abeamus,
1173 3383 1267 3437 contus

168 3467 514 3546 ‹licanicr'o‘protologntcrir
533 3466 657 3527 habebat
668 3467 698 3525 in
710 3467 813 3527 vertice
826 3466 949 3547 βουτίον
958 3511 970 3544 ,,
991 3466 1022 3523 id
1042 3465 1170 3525 nimirum
1188 3462 1267 3537 quod

168 3553 304 3613 Germani
316 3553 414 3611 dicunt
427 3556 469 3613 ein
480 3551 625 3631 lippelein
644 3572 741 3611 verum
753 3553 823 3612 haec
836 3553 929 3613 omnin
942 3570 1069 3612 eversum
1081 3550 1104 3607 it
1118 3548 1269 3623 Meursius,

171 3640 220 3713 qui
240 3639 270 3698 in
294 3637 438 3697 Glossario
458 3657 485 3696 v.
506 3638 647 3717 βουλλίον
667 3638 789 3697 affirmat
806 3639 956 3717 legendum
982 3656 1041 3697 non
1069 3634 1193 3715 βουτίον
1214 3633 1266 3690 sed

168 3724 328 3805 βουλλίον,
350 3726 428 3799 quod
441 3729 486 3781 est
505 3724 652 3797 obiculas,
672 3722 796 3783 circolm.
817 3726 869 3783 sed
889 3742 952 3781 cum
967 3722 1021 3780 hoc
1040 3721 1101 3778 sine
1121 3719 1203 3777 ullius
1221 3735 1265 3775 ms

168 3809 272 3867 codicis
285 3810 453 3868 anctoritate
466 3813 589 3884 asserat,
602 3827 662 3867 non
674 3813 719 3867 eet
732 3827 781 3865 eur
794 3814 907 3867 nostrae
919 3806 1055 3883 lectioniS,
1072 3822 1145 3880 quae
1157 3804 1264 3863 calamo

168 3896 289 3953 exaratis
302 3893 504 3972 exemplaribus
516 3892 641 3971 fulcitur,
655 3913 708 3953 nos
721 3899 771 3951 aut
785 3894 929 3974 poeniteat
943 3898 993 3952 aut
1003 3892 1115 3969 pigent,
1134 3890 1188 3949 nisi
1203 3889 1264 3963 quis

168 3980 247 4038 malit
258 3980 352 4056 legere
363 3980 492 4057 τουφίον
501 3980 670 4056 flammulam
684 4000 703 4039 a
716 3978 806 4058 tupho
825 3994 875 4037 sen
894 3980 963 4038 tufa.
984 3972 1102 4035 Suidas:
1124 3969 1265 4045 recolende

166 4060 202 4126 co*
218 4069 273 4145 τῆς
283 4059 391 4145 ὀξίνης
403 4058 495 4141 ξύλον
508 4068 560 4122 etc.
574 4064 635 4123 rtiel
647 4086 684 4125 an
696 4064 743 4125 der
754 4070 812 4124 act.
834 4069 864 4123 et
884 4066 957 4125 forte
970 4064 1016 4124 hic
1036 4062 1122 4121 etiem
1141 4059 1264 4119 scriben-
1309 4143 1312 4150 Ι

166 4150 235 4209 dum
248 4155 403 4227 στειλεῖος,
425 4169 483 4209 non
495 4142 640 4228 στηλειός.

237 4248 301 4303 itin.
333 4242 371 4319 ἣν
395 4244 539 4310 ἰδιωτικῶς
566 4246 682 4301 καλοῦσι
702 4246 870 4317 eructatione]
900 4244 939 4301 lte
963 4249 1018 4299 ert:
1050 4244 1128 4297 elnon
1159 4230 1262 4292 ἰδιωτι-

167 4319 223 4383 κῶς
238 4320 266 4373 et
282 4320 360 4390 vulgo
377 4316 533 4388 ματζοῦκα,
549 4322 577 4372 et
588 4322 617 4372 ut
633 4317 733 4374 erudite
748 4318 904 4383 Greteerne,
921 4334 937 4371 e
953 4311 1055 4389 Gallico
1071 4324 1186 4377 murone,
1214 4324 1263 4363 ro.-
