3092 4942
509 322 555 392 ΙΝ
579 321 726 390 CODlNI
749 322 832 389 GAP.
855 321 913 394 Vl.
1185 325 1260 396 287

162 487 301 551 Manuells
322 487 463 550 πσιιλιιίι·
475 487 871 559 Montisferratinohilitatem
888 495 918 549 et
936 489 1091 570 potentium
1109 507 1262 569 agnoscere

162 581 193 636 et
213 577 375 656 praedicare
396 580 510 634 coactus
531 580 583 633 est

233 699 314 755 ihu.
333 699 376 752 16.
392 690 428 750 τά
445 694 501 750 τῶν
517 679 674 764 δεσποτῶν,
692 691 741 748 καλ
757 694 813 753 τῶν
829 689 986 764 ἀρχόντων]
1010 695 1043 748 iis
1065 696 1175 750 suendis
1197 697 1261 752 haee

162 766 262 836 scriptu
279 766 370 837 quihus
385 783 435 818 non
453 764 527 847 modo
541 781 618 832 reges
633 771 662 817 et
677 764 822 848 principes,
836 765 885 817 sed
900 772 927 820 et
943 765 1080 818 nobiliores
1096 767 1195 834 equitas
1213 767 1261 820 ali-

162 836 235 890 cuius
261 836 348 888 vexilli
372 834 427 919 siqe
452 833 528 887 banda
549 832 687 917 Ιδιιβσιιιειιδι
714 834 835 918 honorem
863 834 1019 888 ambiebant.
1055 833 1115 885 hinc
1141 835 1261 918 nobilium

161 905 458 1040 illitterati,
472 902 1071 1040 llltssartllllltllltt‘aolil
1091 903 1261 1040 ciiii&

162 1039 257 1126 prieur
274 1037 442 1125 βεβαμμένα.
477 1041 619 1124 habuerunt
643 1041 742 1124 equites
760 1040 879 1123 ¹gregarii
899 1041 927 1093 iu
947 1041 1031 1094 contis
1057 1040 1169 1124 linquis.
1204 1041 1259 1128 Leq

157 1111 492 1254 ,lttrllblhllll
505 1109 733 1236 ahialim
750 1105 1260 1248 illl'tgihhhllllttlli't

161 1244 247 1319 μικρά
263 1241 358 1302 ἐπάνω
373 1248 429 1302 τῶν
445 1246 536 1318 ζαβῶν
553 1239 625 1300 κατά
640 1248 697 1300 τῶν
714 1241 805 1316 ῶμων.

232 1359 267 1412 ib.
285 1375 310 1412 v.
331 1347 371 1414 li.
388 1357 444 1412 τῶν
460 1353 622 1429 δημάρχων]
640 1357 824 1425 aurigantiunr,
843 1357 887 1440 qui
903 1357 1029 1428 quondam
1045 1358 1110 1411 ludis
1124 1358 1259 1412 Circensi-

164 1427 215 1481 bus
240 1427 336 1480 Romae
354 1428 464 1494 palmam
489 1427 661 1508 quaerebant,
687 1428 812 1480 factiones
837 1444 893 1479 srve
918 1435 1005 1497 partes
1032 1429 1106 1480 fuere
1128 1438 1259 1497 quattuor,

162 1512 263 1566 quasa
284 1497 412 1549 coloribus
437 1495 522 1548 viridrs
545 1495 654 1548 eaenrlei
679 1496 749 1548 rubri
770 1496 872 1566 albique
900 1497 992 1565 pauni,
1017 1513 1068 1565 quo
1091 1497 1259 1561 donabantur,

161 1564 265 1618 uomina
280 1573 435 1636 acceperunt
450 1564 573 1618 Prasinae
592 1565 708 1618 Venetae
724 1565 839 1617 Rusatae
856 1565 982 1628 Albatae,
1002 1565 1144 1634 dequibus
1162 1567 1259 1618 Sueto-

161 1634 218 1686 nius
234 1634 359 1687 Martialis
375 1633 501 1686 luvenalis
517 1633 668 1697 meminere,
693 1641 719 1686 et
743 1635 850 1686 omnium
872 1633 1060 1686 distinctissime
1082 1635 1260 1687 Tertullianus

161 1703 284 1770 Latinus,
304 1708 330 1756 et
345 1701 372 1754 in
389 1703 545 1770 Anthologia
564 1704 722 1756 Graecorum
739 1703 955 1772 Epigrammatum
972 1702 1006 1756 ad
1023 1703 1041 1754 l.
1059 1704 1183 1757 dcalcem
1194 1721 1261 1774 pene

161 1779 300 1824 extremm
314 1772 426 1825 Thomas
442 1771 567 1824 Patricius
585 1773 703 1824 Graecus
726 1771 894 1841 descripsere.
927 1789 984 1824 cum
1005 1772 1161 1825 Circensium
1187 1773 1262 1826 ludo-

157 1857 217 1894 rum
234 1841 318 1894 studio
334 1839 458 1894 exercitia
474 1841 574 1893 nomina
589 1841 688 1893 colores
712 1841 851 1894 factionum
876 1841 957 1894 Roma
983 1841 1084 1909 Cpolim
1109 1842 1263 1908 commigra-

161 1915 236 1975 ruutr
252 1917 279 1964 et
296 1927 329 1964 ex
344 1908 522 1965 dimicantibus
536 1912 564 1962 iu
579 1909 654 1962 (liras
670 1909 824 1962 factionibus
840 1911 950 1992 populus
969 1926 1071 1978 quoque
1083 1917 1154 1963 totus
1165 1911 1262 1980 diuisus

160 1980 188 2032 ia
214 1990 317 2048 partes,
342 1995 410 2049 quae
433 1995 462 2032 ss
485 1979 638 2048 quandoque
662 1981 755 2030 mutuis
779 1977 898 2030 caedrbus
920 1978 1129 2048 rapinisiniuriis
1146 1995 1263 2031 cousum-

160 2065 248 2120 psere.
291 2047 461 2118 Theophanes
484 2049 623 2100 Simocatta
646 2047 780 2100 cedrenus
803 2047 917 2100 Zonaras
943 2054 971 2098 et
987 2047 1029 2098 alii
1046 2047 1195 2100 tumultibus
1211 2047 1262 2100 illis

162 2123 191 2170 et
207 2115 372 2170 seditionibus
389 2117 439 2170 iam
456 2134 473 2169 a
489 2117 601 2170 Zenonis
617 2116 772 2185 temporibus
795 2133 842 2184 per
865 2117 987 2185 quaedam
1010 2115 1130 2184 deinceps
1158 2117 1262 2170 saccaria

162 2185 318 2238 continuatis
334 2185 431 2256 scripta
446 2200 493 2238 aua
510 2201 664 2253 respersere.
700 2185 816 2236 consulet
831 2185 874 2254 qui
892 2185 1016 2238 curiosius
1028 2193 1056 2238 et
1066 2185 1183 2237 diffusius
1198 2186 1262 2238 haec

161 2255 233 2308 volat
249 2253 384 2323 explicata,
420 2254 660 2314 uuicuslssalsamon
681 2255 844 2322 longissimos
867 2254 1028 2308 historiarum
1051 2260 1149 2306 tractus
1172 2255 1260 2323 paucis

161 2323 317 2394 perstringit
333 2323 359 2375 in
376 2323 411 2386 al
427 2338 548 2378 canonem
565 2323 721 2379 Trullanurn.
757 2319 821 2376 τότε
838 2317 890 2390 μὲν
910 2320 983 2391 γάρ,
1006 2323 1106 2408 iuquit,
1129 2324 1185 2376 τῶν
1206 2321 1260 2390 δη-

174 2411 221 2449 ,ων
237 2388 505 2456 κατεξουσιαζόντων
523 2385 553 2445 ἒν
569 2397 631 2454 ταῖς
652 2384 871 2478 ἵπποδρογιίαις,
893 2390 943 2444 καὶ
965 2409 1122 2446 ποιουντων
1146 2388 1261 2459 ταύτας,

160 2411 209 2517 δτι
225 2459 274 2514 λαὶ
289 2457 367 2522 ὅπως
382 2455 556 2529 ἠβούλοντο,
582 2455 612 2514 ἐκ
629 2462 838 2529 donastistarum
861 2457 984 2528 οἰκείων,
1008 2455 1045 2522 ῶς
1066 2458 1115 2513 καλ
1140 2457 1260 2529 ἐχόντων

162 2531 259 2592 σίκους
273 2529 321 2583 καὶ
335 2527 461 2591 ἱππῶνας
477 2526 620 2600 καὶμέχρι
636 2529 685 2583 καλ
702 2531 753 2583 νόν
770 2525 1004 2596 περισωζομόνους
1028 2527 1077 2582 καί
1099 2526 1262 2598 προσόδους

157 2595 243 2670 χάριν
263 2599 320 2652 τῶν
345 2594 551 2668 ἰπποδρομιῶν,
575 2597 624 2653 καὶ
651 2601 703 2652 sori
726 2596 857 2670 βασιλέως
877 2595 1124 2666 προσκαλουμένων
1147 2598 1195 2650 καλ
1219 2595 1259 2660 είς

161 2671 245 2722 τοῦτο
260 2663 298 2736 μὴ
317 2661 536 2736 ίξουσιάζοντος,
559 2663 806 2737 πολλοὶστασιῶδη
823 2667 872 2720 καὶ
888 2663 982 2720 ἀτοπα
999 2663 1168 2720 συνέπιπτον
1184 2666 1257 2733 γίνε·

161 2739 233 2791 σθαι
255 2731 328 2790 κατά
353 2731 402 2790 τόν
425 2739 474 2806 τῆς
492 2731 679 2806 ἱπποδρομίας
695 2731 811 2804 καιρόν,
832 2737 889 2788 τῶν
907 2731 959 2804 μὲν
975 2731 1202 2803 προστιθεμένων
1218 2734 1261 2805 τρῖ
1330 2769 1338 2780 ,

162 2802 474 2877 drippsoiv'Bara'smv,
503 2807 558 2859 τῶν
583 2801 614 2858 δὲ
637 2805 677 2874 τῷ
692 2801 768 2872 με’ρει
785 2807 840 2858 τῶν
858 2805 1015 2872 Πρασίνων.
1051 2797 1081 2856 ἐν
1097 2807 1207 2869 καιροῖς
1225 2798 1259 2855 da'

161 2892 215 2930 τισι
239 2872 288 2926 καὶ
311 2873 426 2942 πόλεμοι
452 2871 699 2942 συνεκροτήδησαν
722 2869 854 2940 ἐμφύλιοι
875 2870 960 2940 μέσον
981 2867 1138 2925 ἀντιθέτων
1157 2871 1259 2940 μερῶν,

161 2941 211 2997 καὶ
228 2938 302 2996 κατά
318 2945 367 3010 τῆς
386 2943 523 3014 βασιλείου
540 2944 680 3012 περιωπῆς
695 2937 801 3010 ἀναιδῆ
815 2937 926 3009 βήματα
944 2936 974 2993 οἷ
994 2938 1114 3008 δημόται
1137 2937 1259 3008 άπηρεό-

162 3013 265 3080 ξαντο,
281 3007 378 3072 nadair
395 3007 452 3066 ἀπό
469 3009 615 3079 διαφόρων
630 3011 767 3080 χρονικῶν
783 3012 866 3064 τοῦτο
883 3009 1062 3077 παρίσταται.
1098 3010 1206 3078 partium
1223 3010 1258 3061 il·

161 3083 243 3134 larum
260 3083 338 3149 (quae
354 3081 438 3148 δῆμοι
454 3088 482 3133 et
497 3078 633 3149 δημόται,
656 3088 685 3132 ut
708 3081 758 3133 iam
785 3081 890 3148 legimus
913 3085 941 3130 et
955 3079 1071 3132 scribunt
1087 3079 1261 3148 Theophanes

161 3157 191 3204 et
215 3151 362 3216 cedrenus,
389 3151 526 3234 vocantur)
554 3151 676 3218 partium,
701 3151 818 3218 iuquam,
845 3149 930 3218 capita
949 3147 1059 3200 ducesve
1077 3144 1215 3216 δήμαρχοι
1233 3152 1261 3199 et

160 3215 303 3287 δημάρχαι
320 3219 464 3286 quesieris
481 3220 576 3286 δημων
596 3214 728 3288 ἄρχοντες
744 3218 895 3283 audiebant,
919 3218 1108 3287 popularesque
1129 3218 1179 3269 sibi
1196 3217 1261 3268 sub·

161 3287 231 3340 ditos
248 3289 289 3339 vel
307 3288 416 3340 allectos
433 3289 616 3352 recensebant,
641 3288 682 3339 vel
696 3289 770 3340 et'arn
788 3287 941 3357 quandoque
958 3285 991 3338 ad
1010 3303 1054 3339 eos
1071 3287 1115 3353 qui
1131 3303 1180 3356 per
1194 3285 1261 3338 eivi-

161 3363 241 3410 tatem
259 3357 407 3409 oriebantur
422 3357 542 3409 tumultus
560 3367 587 3410 et
603 3356 740 3410 seditiones
763 3357 896 3409 ducebant.
933 3356 1075 3408 Simocatta
1099 3358 1115 3408 8
1136 3357 1167 3408 iz
1195 3348 1263 3416 ταῶς

160 3421 353 3510 δημάρχοιςδ
373 3421 553 3492 αὐτοκράτωρ
570 3423 795 3493 εἰσκαλεσάμενος
811 3423 852 3487 είς
867 3419 903 3478 τά
922 3423 1060 3495 βασίλεια,
1085 3417 1134 3484 oric
1150 3423 1259 3491 διοικη-
1334 3431 1338 3433 ’

160 3513 213 3556 τας
236 3495 291 3546 τῶν
312 3493 408 3562 δήμων
432 3496 534 3550 εἴωθεν
559 3490 590 3548 ιδ
617 3495 728 3561 πλῆθος
753 3490 921 3561 ἀποκαλεῖν,
944 3488 1085 3562 (όνόματα
1102 3487 1135 3545 δὲ
1149 3489 1263 3553 τούτοις

160 3561 279 3632 Σέργιος
294 3562 342 3616 καὶ
363 3566 486 3632 Κοσμάς)
511 3559 686 3618 ἐπυνθάνετο
709 3564 764 3636 γῶν
787 3559 997 3633 δημοτευόντων
1023 3556 1069 3621 ἐπὶ
1091 3563 1193 3622 λεπτοῦ
1210 3556 1262 3614 τόν

163 3627 299 3702 ἀριθμόν.
344 3627 360 3684 d
386 3629 437 3700 pir
462 3623 512 3686 οὖν
537 3628 653 3700 Σέργιος
675 3625 705 3685 ἒν
729 3633 819 3704 χάρτη
843 3627 896 3706 τὴν
912 3628 1041 3689 σύνταξιν
1063 3631 1118 3683 τῶν
1136 3623 1267 3698 ἐραστῶν,

161 3701 216 3756 sori
236 3697 402 3768 χλοάζοντος
423 3696 569 3771 ἐνεχάραξε
592 3698 749 3770 χρῶματος,
773 3701 972 3762 πεντακοσίους
994 3694 1064 3767 πρός
1082 3699 1142 3760 τοῖς
1164 3699 1261 3768 χιλίοις

162 3769 366 3839 τυγχάνοντας,
391 3766 408 3822 ό
428 3765 459 3822 δὲ
477 3771 590 3838 Κοσμάς
606 3766 671 3830 roric
686 3771 735 3838 τῆς
751 3765 904 3823 άντιδὲτου
921 3765 1052 3836 αἱρέσεως
1072 3761 1260 3829 ἑκατοντάδας

163 3835 246 3894 ἐννέα
269 3836 451 3906 συντέταχεν·
481 3836 520 3902 είς
546 3837 600 3892 δύο
626 3832 679 3908 γάρ
696 3832 972 3907 χρωμάτων-ἐφέσεις
988 3832 1024 3889 τά
1040 3837 1096 3888 τῶν
1112 3834 1261 3906 {Pupulus

163 3903 363 3964 ausonitanae
379 3906 487 3976 πλήθη.
524 3908 639 3963 Zonaras
656 3910 682 3960 in
698 3909 800 3962 Phora:
819 3904 836 3960 δ
856 3907 954 3968 dunois
964 3902 1023 3974 ,τὴν
1037 3911 1157 3974 γυναῖκα
1173 3911 1266 3960 Λεον-,

163 3979 227 4032 τίαν
252 3971 291 4030 Aoi
309 3977 411 4030 οῶσταν
434 3969 523 4038 εὐθὺς
544 3970 712 4044 ἀνηγόρευσε
736 3977 792 4032 τῶν
816 3972 912 4044 δήμων
933 3972 1092 4039 παρόντων.
1127 3973 1190 4028 τότε
1210 3969 1280 4047 διρὶι

161 4044 258 4100 τόπων
295 4064 311 4098 ν
334 4041 376 4106 οίς
400 4044 513 4097 ἵσταντο
535 4040 702 4115 ἀμφιβολίας
712 4041 873 4114 Ιγενομένης
894 4049 955 4106 τοῖς
971 4045 1122 4111 Πρασίνοις
1136 4042 1183 4096 καὶ
1201 4047 1261 4109 eois·

163 4115 290 4176 Βενὲτοις
305 4110 459 4177 στασιάζειν
475 4108 596 4180 ἤρξαντο
614 4109 675 4166 κατ’
691 4108 825 4181 ἀλλήλων.
860 4109 974 4181 πέμψας
990 4109 1022 4166 δέ
1039 4109 1143 4174 τιναςδ
1162 4104 1266 4174 ΦῶκόςΙ

163 4180 379 4246 κατασκευάζειν
398 4177 494 4242 adroic
509 4178 562 4250 τήν
579 4176 832 4251 στ’ἀσινδπεχείρει.
869 4174 931 4243 iude
950 4171 1001 4235 σόν
1024 4184 1079 4234 τῶν
1104 4174 1266 4235 ocellorum

162 4248 287 4306 τῶντῶν
305 4254 454 4318 Πρασίνων
471 4247 636 4321 ὑβρίσαντος
652 4248 797 4320 δήμαρχον
818 4249 868 4306 καὶ
889 4252 989 4306 τοῦτον
1013 4246 1195 4319 ῶθήσαντσς,
1221 4244 1265 4318 pair

161 4317 319 4394 ἐνεγκόντες
342 4315 373 4374 oi
387 4321 454 4398 ,sori¹
467 4317 558 4393 δήμου
580 4321 663 4394 coito
689 4317 816 4394 ἔκραζον.
859 4328 888 4376 et
911 4323 995 4377 inira:
1023 4314 1139 4374 ἱππικόν
1163 4312 1267 4394 ἀγῶναΙ
1354 4338 1363 4346 ·
