3092 4942
442 341 487 407 m
507 340 655 408 connn
681 309 765 406 orn
790 340 871 410 xv.
1138 341 1213 413 aso

120 517 176 557 rese
199 501 260 556 date
281 501 366 555 reluta
395 500 493 584 iperint
513 499 663 583 amplexati,
688 501 755 554 unde
777 503 804 553 et
829 492 1016 568 Φιλαδελφίον
1037 519 1129 559 nomeu
1155 503 1212 557 loco

120 573 287 635 factumest,
311 570 493 626 od,sin1strom
513 571 563 622 forr
587 575 700 638 purtem,
724 587 757 622 en
772 569 860 623 iisdem
878 570 923 622 ΟΡ
941 570 1101 638 Originibus:
1119 567 1212 626 ὅτιτὸ

119 635 287 708 καλούμενον
306 635 491 706 Φιλαδέλφιον
511 633 541 690 οἱ
554 632 615 690 olor
635 633 689 690 εἰσι
703 637 755 691 τοῦ
770 635 890 706 μεγάλου
908 640 1129 698 Κωνσταντίνου.

187 741 212 794 p.
226 725 259 777 80
270 741 295 775 v.
310 726 335 777 1.
361 715 406 790 ἐφ’
422 712 490 776 oriri
515 716 634 790 σταυρὸς
654 721 781 796 ἵσταται]
799 721 892 774 δαῖσαι
908 740 934 776 τ.
959 719 1089 791 orcooo'ct
1116 721 1162 780 rut
1178 721 1211 778 τὸ
1281 720 1287 724 ’

119 789 230 863 βόρειον
246 792 296 844 τοῦ
312 789 404 858 φέρου
420 787 503 860 μέρος
518 791 623 858 ἵστατο,
643 785 679 852 ὡς
695 793 770 844 alden
787 786 874 844 odric
890 788 1101 854 Κωνσταντῖνος
1130 810 1213 862 γρυσ-

118 859 284 929 έμπλαστος,
302 855 339 945 ἐν,
349 864 409 943 τοῖς
424 854 642 944 ἀκρωτηριακοίς
659 855 832 942 στρογγύλοις
846 856 958 928 μήλοις,
977 855 1054 942 ἔνθα
1067 830 1116 914 orci
1127 857 1213 944 odric

118 927 214 1051 pppapii
229 925 288 982 oiol
303 946 390 982 αυιον
406 931 591 1030 καλλεωρωντο
611 929 816 998 γρνσεμβαφοι,
839 930 889 982 boc
913 935 955 981 cst
977 935 1069 982 statum
1084 928 1213 984 deauratos

186 1037 250 1121 ibid.
273 1059 392 1118 ὀποίλαι
408 1060 505 1134 φόρος]
523 1063 667 1124 simocatta
680 1064 698 1122 l.
716 1067 746 1120 1:
770 1063 958 1133 περίλαμπρος
979 1058 1007 1118 δ’
1028 1051 1110 1128 οὗτος
1124 1064 1213 1134 χῶρος

116 1135 167 1203 τῆς
181 1132 294 1196 πόλεως.
318 1134 379 1188 olias
396 1135 472 1202 vulgo
483 1131 677 1204 πωλητήριον,
693 1134 736 1186 ubi
753 1150 796 1186 res
813 1133 919 1202 quaevis
936 1149 1026 1186 venum
1042 1140 1212 1204 exponuntur.

184 1218 220 1272 cb.
240 1231 266 1274 v.
277 1221 304 1272 2.
331 1211 480 1286 ἀπέρχεται
500 1212 516 1270 ὃ
535 1213 673 1288 βασιλεύς]
692 1217 747 1271 slve
764 1217 925 1272 oraturusnd
937 1217 1070 1270 ecclesiam
1081 1219 1211 1271 ιίτοσυλ-
1301 1281 1306 1285 ,

117 1283 267 1368 λιτανείαν
283 1286 434 1369 propederet
450 1286 602 1368 imperator,
621 1286 759 1370 ptrobique
775 1284 937 1370 προέλενοιν
958 1287 1083 1368 lpcbebpt‚
1105 1303 1213 1370 eamque

116 1363 362 1488 l'trllltllltll
375 1357 988 1493 tlttllllmtllllllllc:llllllll
1006 1372 1107 1491 :llll
1124 1356 1213 1493 litt?

117 1500 225 1545 retorem
241 1493 413 1561 Nicephorum
430 1491 553 1545 describit
568 1492 740 1562 Luitprsndus
756 1493 783 1546 in
805 1494 934 1561 legatione
956 1485 987 1544 ἐν
1007 1489 1163 1558 προελεύσει
1177 1492 1213 1545 ad

116 1579 232 1630 magnum
251 1560 381 1614 ecclesiam
398 1562 554 1646 profectum,
571 1560 754 1631 imperatricem
771 1562 870 1614 lrenem
889 1561 1033 1614 cedrenus:
1046 1562 1083 1629 τῇ
1094 1555 1227 1632 δευτέρᾳ.

115 1632 167 1683 τοῦ
184 1625 267 1698 ἁγίου
283 1626 376 1697 ποίσγα
391 1630 555 1684 απελθοῦσα
566 1624 590 1698 ή
613 1629 755 1700 βασίλισσα
770 1625 817 1684 snt
832 1631 869 1700 τῇ
884 1624 957 1682 κατὰ
974 1625 1063 1682 τύπον
1077 1624 1213 1714 γενομένη

115 1695 274 1767 προελεύσει
291 1695 331 1758 εἰς
346 1692 411 1759 τοὺς
429 1691 525 1764 οἳγίους
541 1692 730 1760 ἀποστόλους·
754 1697 847 1766 δείλης
870 1692 903 1750 dl
926 1699 1071 1782 προήλθεν
1091 1691 1123 1750 έν
1145 1691 1214 1766 ὄχη-

115 1786 181 1836 ματι
196 1766 291 1850 γρυηῷ
305 1761 475 1889 ἐποχουμένη
492 1763 634 1834 τέσσαρσιν
650 1766 749 1830 ἵπποις
791 1761 966 1834 κρατουμένη
983 1758 1214 1834 νπόπατρικίαν,
1298 1815 1303 1824 ,

117 1829 222 1905 ῥίψασα
244 1835 382 1888 νπατείαν
417 1853 434 1886 ν
453 1831 492 1918 μή
514 1831 581 1906 μέσῃ
604 1831 719 1904 πολλήν.
753 1807 776 1887 ii
1163 1834 1169 1849 ⁸
1189 1833 1196 1847 ”

778 1853 807 1888 eo
832 1834 1032 1897 Grammaticus,
1055 1833 1097 1885 vel
1127 1849 1213 1956 purus

117 1907 195 1968 alius,
212 1905 238 1955 in
255 1905 343 1956 Leone
361 1909 489 1957 Armenio:
507 1903 554 1956 ccl
571 1898 719 1971 προελθών
740 1901 771 1958 έν
792 1903 828 1972 τῇ
845 1904 964 1970 Χριστοῦ
984 1898 1107 1970 γεννήσει
1142 1919 1160 1954 ν
1177 1899 1215 1970 τῇ

115 1965 244 2041 ἐκκλησίᾳ
268 1969 397 2040 εἰσῆλθεν
419 1967 450 2024 έν
471 1973 511 2043 τῷ
534 1973 734 2042 θυσιαστηρίῳ.
763 1969 914 2040 φθασάσης
930 1965 963 2023 di
978 1966 1026 2022 καὶ
1042 1970 1092 2037 τῆς
1113 1962 1211 2037 έορτής

117 2044 172 2094 τῶν
191 2040 292 2109 φώτων
307 2042 451 2108 προῆλθεν
468 2035 585 2110 ὁμοίως,
601 2040 650 2094 καὶ
668 2035 800 2094 scrutata
825 2033 861 2092 ori
881 2035 1093 2107 προσεκύνησεν.
1113 2037 1214 2090 Cedre-

116 2127 164 2162 nus
180 2111 207 2162 in
225 2111 311 2162 Leone
328 2110 465 2180 Sapienter
485 2107 628 2178 συνήθους
643 2105 675 2162 δὲ
691 2103 875 2175 προελεύσενος
893 2103 1040 2177 γενομένης
1055 2099 1128 2159 κατὰ
1144 2100 1211 2173 ήμέ-

116 2197 169 2243 ραν
185 2179 236 2246 τῆς
252 2181 436 2248 πεντηκοστῆς
452 2173 483 2231 έν
498 2181 539 2249 τῷ
554 2179 623 2250 ναῷ.
644 2177 796 2232 Eustotbius
811 2177 913 2229 taudem
938 2176 971 2229 ed
992 2175 1022 2228 ll.
1046 2177 1078 2228 1:
1104 2168 1213 2242 πομπή,

58 2271 60 2278 ,
116 2248 272 2316 θρίαμβος,
289 2243 322 2298 ὃν
339 2245 500 2314 προέλενσιν
516 2245 534 2316 ή
552 2242 631 2314 κοινή
649 2249 754 2316 γλῶσσα
770 2249 858 2299 καλεῖ.
874 2246 987 2298 cuidem
1005 2243 1039 2296 sit
1050 2240 1211 2308 προέλενσις

116 2317 184 2385 quod
208 2313 374 2382 πρόκενσος,
400 2314 433 2367 de
459 2329 509 2384 quo
535 2315 666 2368 cedrenus
690 2317 716 2368 in
742 2316 839 2368 Iustino
860 2317 891 2368 22
917 2303 1001 2374 αὖθις
1019 2308 1150 2381 βασιλέως
1167 2306 1215 2364 ccl

115 2381 280 2453 πρόκενσον.
298 2401 348 2436 non
365 2383 494 2436 existimo:
511 2381 672 2452 προέλευσιν
689 2385 755 2437 enim
772 2401 823 2435 nou
849 2382 962 2453 reperies
987 2381 1036 2432 nisi
1053 2379 1214 2450 pietatisvel

117 2456 150 2507 ob
169 2459 278 2522 acceptu
294 2452 417 2506 beneficia
433 2453 594 2522 tripudiantis
610 2454 652 2507 vel
668 2454 701 2506 ad
720 2452 868 2522 depellenda
877 2452 942 2503 muln
952 2450 1114 2520 deprecantis
1129 2448 1213 2516 gratie

116 2530 276 2592 susceptam,
300 2519 453 2590 πρόκενσον
470 2537 531 2576 vero
554 2539 730 2591 nonnunquam
757 2521 791 2574 ed
814 2522 894 2572 solam
917 2536 1033 2590 pompam
1058 2524 1086 2571 et
1109 2520 1213 2579 tostum,

116 2591 165 2644 imo
182 2591 284 2660 quondo
304 2605 335 2642 ue
358 2591 390 2643 ed
406 2592 508 2662 luxum.
538 2593 591 2644 Leo
616 2591 801 2644 Grammaticus
818 2589 844 2641 iu
861 2591 949 2642 Leone
970 2592 1007 2640 Sa
1024 2589 1109 2639 ieotec
1133 2581 1214 2638 Λέων

116 2655 270 2727 πρόκενσον
287 2607 414 2729 incipero
433 2656 473 2721 είς
489 2656 525 2713 τὰ
541 2661 696 2728 Λαμιακοῦ.
715 2654 847 2719 συνόντος
862 2652 894 2710 ol
914 2607 1039 2718 Ζαούτὲα
1057 2652 1106 2707 καλ
1121 2670 1213 2721 παρα-

117 2725 334 2790 δυναστεύοντος
349 2725 397 2781 καί
421 2729 470 2813 τής
492 2723 635 2796 θυγατρὸς
657 2721 744 2780 nitori
764 2727 842 2812 Ζιοής
864 2719 923 2794 ἅμα
939 2725 979 2792 τῷ
996 2723 1118 2794 βασιλεῖ,
1143 2722 1213 2802 deo:

117 2793 199 2864 φανῶ
216 2792 248 2850 di
264 2791 283 2864 ή
301 2789 402 2866 γαμετή
421 2793 508 2849 autori
524 2787 557 2848 ori
574 2791 668 2864 παρήν
684 2788 787 2862 ἐκεῖσε,
811 2785 870 2846 αλλ’
892 2787 923 2846 ἐν
946 2787 1113 2860 Βλαγέρναις
1129 2785 1159 2842 έν
1175 2807 1210 2857 τη

116 2863 182 2918 ἁίοι
199 2865 275 2934 coppi
290 2861 503 2932 προσεκαρτέρει
519 2859 661 2932 εὐχομένη.
688 2865 816 2932 sequitur:
840 2858 975 2925 δόξαντος
997 2850 1048 2912 οὖν
1067 2858 1119 2911 τοῦ
1135 2857 1211 2929 βασι-

116 2885 183 2996 λέως
195 2937 289 3003 μεῖναι
306 2927 401 2986 ἐκεῖσε.
419 2941 487 2984 certe
504 2933 532 2985 in
548 2933 623 2985 solita
639 2933 765 2984 ecclesiae
783 2931 943 2998 processione
967 2945 1017 2981 nou
1041 2928 1133 3010 inisset
1154 2943 1213 3006 poo-

116 3014 204 3072 ralus,
228 3019 276 3054 nec
299 3017 384 3054 secum
406 3000 523 3069 pellicem
548 3002 679 3066 duxisset,
705 3006 750 3052 cut
771 2997 872 3051 interim
894 2998 949 3050 eius
973 3011 1038 3048 uxor
1053 3013 1080 3046 ιο
1096 3001 1213 3046 oratione

116 3073 210 3126 diutius
226 3077 411 3140 perseveraret.
432 3069 504 3123 uaso
521 3071 601 3122 Siculi
619 3064 747 3138 ἐποίησεν
770 3063 849 3120 Λέων
871 3062 1025 3132 πρόκεσσον
1047 3065 1118 3134 (lege
1143 3057 1213 3126 πρό-

116 3159 214 3194 κενσον
231 3139 374 3206 corneliis)
392 3139 480 3206 μῆνας
496 3135 533 3203 έξ.
552 3139 680 3208 processio
699 3132 873 3190 ecclesiastico
889 3136 940 3188 ritu
957 3133 1102 3204 peragenda
1112 3136 1211 3182 tantum

116 3211 225 3280 spatium
242 3225 293 3260 non
310 3206 425 3276 requirit.
442 3208 474 3259 de
490 3223 608 3275 processu
625 3207 763 3277 principum
782 3212 808 3258 et
832 3206 1024 3273 magistratuum
1045 3217 1102 3256 cum
1126 3197 1212 3267 digui-

116 3285 196 3333 tatum
213 3277 355 3346 insignibus
372 3276 531 3330 Panoirollus
546 3278 572 3329 iu
589 3277 702 3329 notitiam
720 3275 832 3328 Orientis
849 3291 872 3325 c.
890 3276 932 3328 tt„

200 3405 229 3464 p.
244 3385 285 3444 79
298 3404 323 3443 v.
338 3387 387 3447 20.
413 3387 489 3441 tomo
504 3373 531 3446 '3
548 3384 583 3442 de
597 3401 619 3442 s.
642 3373 722 3441 cruce
740 3381 758 3439 1.
782 3384 799 3443 1
817 3397 840 3439 o.
857 3381 898 3442 26
914 3376 1047 3458 descripsi
1060 3390 1212 3451 nummum,

116 3469 145 3526 in
159 3471 237 3528 cuius
251 3468 339 3526 altera
352 3459 432 3546 parte
444 3469 542 3526 visitur
555 3469 672 3527 loannes
683 3464 866 3544 palaeologus
878 3465 1029 3542 imperator
1044 3459 1213 3538 Cpolitauus

116 3557 153 3612 ad
169 3555 326 3622 columnam
335 3555 502 3628 crucigeram
516 3553 727 3612 venerabundus
738 3557 767 3610 et
775 3550 1028 3630 supplicabundus‚
1049 3547 1109 3604 sine
1126 3543 1213 3602 dubio

117 3659 151 3697 ex
164 3637 497 3699 hocmorecalendarum
510 3638 722 3716 Septembrium.
761 3638 825 3695 vide
838 3637 856 3694 l.
868 3656 891 3694 o.
910 3637 946 3693 de
956 3654 979 3692 s.
993 3650 1080 3691 cruce.
1101 3631 1150 3686 ¹de
1165 3648 1213 3686 oo-
1308 3715 1310 3717 ι

117 3724 213 3784 lumna
234 3722 431 3802 porphyretica
446 3723 558 3782 consule
577 3742 648 3800 quae
665 3723 824 3801 scripsimus
841 3728 909 3778 tom.
927 3721 946 3781 1
966 3719 1001 3775 de
1018 3737 1041 3774 s.
1058 3732 1138 3771 cruce
1158 3711 1176 3771 Ι.
1192 3714 1214 3772 2

118 3829 141 3867 o.
152 3812 193 3874 45
208 3827 243 3868 ex
253 3807 412 3884 Nicephoro
427 3813 456 3880 et
471 3809 581 3868 Codino
593 3810 623 3866 in
634 3808 796 3885 Originibus
807 3804 972 3884 Cpolitanis.
1015 3804 1143 3878 superest
1159 3797 1215 3856 hoc

117 3895 214 3954 itidem
238 3913 306 3952 aevo
327 3893 396 3950 haec
418 3893 544 3952 columna
564 3895 768 3973 porphyretica.
809 3896 899 3950 exstat
914 3908 929 3948 e
947 3891 1050 3966 regione
1065 3885 1213 3955 diversorii}

118 3980 210 4054 inquit
226 3967 324 4037 Dousa
343 3979 373 4036 in
391 3997 443 4035 suo
463 3977 613 4056 Cpolitauo
628 3980 783 4054 itinerario,
801 3975 846 4034 vel
859 3975 953 4054 potius
966 3975 997 4032 in
1009 3969 1133 4032 encomio
1151 3965 1215 4024 Me-

118 4062 177 4122 letii
192 4063 334 4122 cuiusdam
350 4062 524 4141 patriarchae
544 4063 723 4140 Graecanioi‚
739 4062 783 4122 vel
797 4063 826 4120 in
843 4066 954 4138 satyra,
973 4077 1030 4134 qua
1041 4055 1159 4115 lesuitus
1168 4052 1213 4107 in·

119 4154 243 4206 sectatur
250 4191 260 4226 ‚
278 4154 308 4209 in
322 4169 372 4227 prro
388 4149 527 4207 Caesareos
543 4153 655 4208 oratores
671 4149 799 4226 hospitari
811 4165 865 4205 mos
874 4153 923 4220 est,
945 4146 1065 4204 wlomnc
1082 4140 1214 4198 coctas·

119 4236 173 4292 tini
181 4254 332 4312 purpurea,
353 4238 382 4294 ιἰι
395 4237 471 4292 cuius
485 4239 633 4306 summitate
646 4234 790 4314 spondylus
804 4232 961 4312 aedificetur
973 4235 1020 4299 ert,
1042 4229 1071 4288 ia
1083 4242 1137 4305 pua
1145 4223 1214 4280 eiw-

119 4317 191 4378 modi
203 4322 341 4399 inrcn'ptio
355 4324 480 4400 apparet:
919 4352 921 4354 v
