3092 4942
229 282 299 360 itt
383 284 591 357 GRETSERI
604 288 661 354 ET
678 287 812 357 GOARI
826 288 1157 361 COMMENTARIUS

260 541 283 600 fi
308 440 550 600 Qupsequunlur,
569 444 864 517 dmcuam'memae
881 456 912 516 et
929 452 1087 539 prieiectns
1099 452 1230 541 mensae,
1248 459 1319 521 satis

221 560 259 601 no
301 561 356 601 suu

242 703 245 707 ,
293 639 348 705 ρ.9
363 655 392 693 τ.
408 638 454 694 at.
477 639 666 709 praefecturam
682 655 715 693 ac
731 637 866 708 primatum
883 646 962 708 super
978 637 1089 695 eiusdem
1103 640 1198 696 ordinis
1208 640 1319 724 reliquos

224 712 327 761 comtat
343 724 377 761 ax
393 706 469 761 dictis
484 707 601 780 superius
616 706 783 761 domesticum
805 706 902 763 sortiri.
936 723 986 776 qua
1010 708 1044 761 de
1066 727 1144 765 causa
1167 711 1318 764 dommtrcns

222 792 342 844 mensae,
367 782 395 829 et
415 781 446 829 ut
471 778 606 845 Gregoraa
622 777 639 829 8
658 778 675 832 7
695 777 788 840 babet,
813 770 830 829 d
853 776 904 831 rori
928 776 1092 843 dopsonicou
1117 779 1168 847 τῆς
1183 776 1318 847 τραπέζης

221 846 272 913 τῆς
297 844 447 914 βασιλικῆς,
463 842 661 914 σεμνυνόμενος
682 839 838 913 λπικλήοει,
864 846 1011 898 censebitur
1032 846 1148 915 isquam
1162 848 1319 903 Pancirollns

220 914 248 966 in
266 914 378 967 notitiam
394 915 496 983 imperii
513 914 664 968 Occidentis
684 932 706 967 ο.
726 913 933 968 44.castrensem
949 915 1017 967 sacri
1039 916 1129 985 palatii
1155 924 1249 982 vocat,
1275 916 1318 987 qui

219 1000 332 1036 mansam
352 983 473 1054 principis
490 989 516 1037 et
532 990 614 1038 totum
630 983 751 1054 palatium
765 988 862 1046 ¹curat,
888 1000 962 1051 quem
986 1000 1033 1035 nos
1060 1002 1187 1055 magnum
1210 986 1318 1055 hospitii

219 1052 396 1135 magistram,
420 1052 510 1120 regiae
526 1068 628 1105 mensae
644 1052 813 1104 structoribus
829 1052 1002 1121 praepositum
1019 1068 1050 1107 ac
1066 1053 1093 1105 in
1110 1061 1225 1109 meteres
1243 1060 1317 1109 aulae

221 1138 311 1191 regnae
328 1122 454 1175 minirum
470 1122 511 1174 ins
527 1127 701 1185 exercentem,
717 1120 893 1189 conspicimur.

286 1226 313 1279 p.
332 1211 366 1262 10
381 1225 408 1259 v.
428 1209 453 1261 1,
470 1201 487 1260 ὃ
505 1200 551 1259 ἐπὶ
567 1205 617 1274 τῆς
632 1200 779 1273 τραπέξης]
797 1204 842 1273 qui
857 1200 1067 1273 τραποζοποιός,
1082 1220 1183 1260 mensae
1200 1210 1315 1261 scaete

220 1290 276 1328 rem
290 1295 333 1347 ,ac
354 1276 515 1346 dapiferum,
538 1269 590 1328 τὸν
608 1274 658 1341 τῆς
679 1270 770 1341 πάσης
793 1270 856 1339 περὶ
879 1270 1017 1339 συμπόσια
1031 1275 1207 1344 παρασκευῆς
1222 1268 1315 1343 ἐπιμο-

220 1342 373 1412 λούμινον,
399 1362 432 1397 ex
448 1345 578 1412 Hesycbio
593 1344 768 1411 intelligimus3
794 1343 864 1396 cuius
882 1342 962 1395 oflicii
978 1342 1071 1409 titulo,
1086 1344 1137 1397 iam
1154 1346 1314 1398 aConstau-

216 1414 264 1466 tini
281 1413 452 1484 temporibus,
471 1412 582 1467 Rosciae
600 1412 738 1483 principem
755 1412 782 1463 in
799 1410 960 1481 imperatoris
977 1412 1072 1480 poietin
1089 1412 1204 1499 gavisum
1221 1420 1314 1469 ausim

218 1491 261 1534 est
279 1484 410 1549 Gregoras
426 1483 446 1537 l.
464 1484 489 1537 7.
526 1487 554 1534 at
570 1487 641 1533 certe
656 1497 721 1532 unns
738 1487 779 1533 est
795 1481 869 1533 testis
886 1481 931 1533 nbi
948 1481 1002 1533 aits
1019 1475 1034 1532 ὁ
1054 1475 1086 1533 di
1113 1476 1232 1544 Ρωσικὸς
1247 1478 1312 1552 ἡγι-

216 1546 277 1620 μολν
300 1547 352 1619 τήν
375 1567 405 1603 τι
429 1546 525 1603 ccciccc
546 1548 596 1603 κοιλ
619 1545 652 1603 τὸ
677 1544 787 1617 ἀξίωμα
809 1548 861 1604 τοῦ
885 1542 1149 1619 inrepercussum
1165 1546 1244 1621 παρὰ
1260 1548 1314 1605 τοῦ

220 1614 342 1689 μεγάλου
359 1616 529 1697 κεκλήρωται
544 1618 767 1672 Καυσταυτίνου.
1011 1656 1014 1661 .

109 1718 201 1789 12191
296 1712 330 1788 p.
348 1707 387 1770 10
401 1726 427 1767 v.
442 1712 470 1769 λ.
498 1700 620 1785 Magnus
636 1706 766 1788 pappias]
787 1707 907 1786 pappias
920 1705 1050 1766 absolute
1065 1712 1164 1785 pater,
1179 1713 1225 1766 est
1238 1707 1312 1767 idem

216 1786 412 1871 quodnciiccr'
432 1787 484 1852 se'u
504 1789 638 1865 πάπποις.
663 1790 806 1851 Palladius
824 1794 855 1851 in
871 1790 1010 1851 Lausiaca
1028 1792 1155 1852 Historia
1171 1794 1201 1853 in
1222 1791 1311 1851 Paulo

213 1878 354 1958 Simplici:
374 1877 428 1939 καλ
441 1872 586 1950 δύνοντος
600 1882 655 1938 rori
672 1876 760 1955 cilico
774 1876 852 1959 λέγει
873 1871 958 1963 crispi
975 1877 994 1941 o‘
1013 1870 1190 1953 Ἀντώνιος,
1210 1881 1310 1941 canta

212 1965 292 2045 (nam
315 1971 346 2023 et
367 1964 483 2041 simmici
501 1986 526 2024 π
546 1963 690 2041 scribitur)
710 1963 810 2036 θέλεις
830 1955 975 2044 φάγωμεν
997 1957 1089 2041 ἄρτου
1108 1958 1243 2044 nicom
1264 1963 1309 2023 bic

212 2056 317 2109 nomen
329 2048 470 2129 palatinae
487 2049 631 2126 digmtatis
647 2054 706 2126 est,
727 2049 833 2124 deque
850 2049 976 2106 Codinns
988 2048 1062 2107 inira
1075 2067 1098 2107 ο.
1116 2048 1144 2110 5.

279 2146 501 2201 Abblandientinm
526 2147 558 2199 ‘et
585 2144 778 2199 balbutientium
816 2162 966 2213 puerorum,
1004 2150 1091 2214 patres
1127 2149 1155 2198 et
1192 2143 1307 2197 seniores
1384 2142 1385 2145 ’

211 2215 407 2285 appellantium,
432 2232 484 2268 uox
507 2223 547 2267 est
567 2215 704 2275 παππίας.
739 2213 889 2265 Eustatbins
911 2213 938 2265 in
961 2212 1056 2266 Iliados
1081 2214 1114 2267 52
1144 2206 1218 2267 acroi
1244 2210 1307 2285 βρέ-

209 2301 283 2351 φους
303 2280 499 2368 προσφώνησιν
523 2278 572 2335 καλ
595 2278 667 2335 κατὰ
695 2276 952 2349 οἶναὸιπλαοιασμόν
989 2278 1102 2349 λέγομεν
1129 2279 1227 2344 πάντας
1255 2278 1306 2336 καὶ

208 2351 331 2419 παπίας,
348 2368 436 2419 πατερ
447 2349 559 2403 nimirum
573 2350 642 2404 vice.
658 2350 702 2402 iile
725 2350 861 2402 monachus
879 2350 946 2419 apud
966 2350 1107 2403 Palladium
1129 2350 1158 2403 in
1175 2351 1305 2405 Lauaiacia

208 2420 312 2473 blandas
330 2419 441 2486 παπία,
465 2413 558 2479 θέλεις
575 2414 706 2486 φάγωμεν
723 2412 813 2482 ἄρτου
829 2414 953 2487 κλάσμα,
972 2420 1057 2471 atille
1072 2420 1151 2473 alinae
1168 2420 1197 2473 τί
1211 2422 1306 2481 λυπεῖς

207 2482 441 2555 cccccccccc,
457 2484 564 2552 παπίας
589 2505 605 2540 a
620 2486 729 2556 privatis
745 2486 862 2540 domibus
883 2494 911 2541 et
935 2488 1037 2541 familiia
1053 2488 1126 2543 aulae
1144 2489 1189 2541 ΟΡ
1205 2488 1304 2543 reddita

206 2556 340 2613 aninam
356 2574 408 2609 uox
425 2554 502 2608 fidunt
518 2562 546 2607 et
562 2555 687 2608 seniorem
703 2554 832 2623 significat
848 2554 1005 2619 ministrum,
1022 2556 1093 2609 cuins
1110 2557 1238 2610 custodiae
1257 2574 1304 2626 pa-

207 2626 297 2685 latium
314 2625 514 2679 committeretur
530 2630 557 2677 et
578 2622 721 2692 integritati
736 2624 823 2677 claves
846 2634 923 2679 noctu
941 2626 1102 2679 traderentur
1124 2626 1301 2680 reservandae.

206 2696 248 2751 ita
263 2712 304 2748 me
321 2702 408 2748 monet
424 2692 555 2762 Georgius
578 2693 698 2747 corasius
721 2691 748 2746 in
763 2694 916 2765 ¹rescriptis3
941 2712 990 2747 nec
1014 2702 1111 2747 temere
1135 2702 1181 2748 ant
1196 2696 1301 2763 ignaras

210 2762 373 2819 &mantin
388 2778 498 2831 namque
513 2762 640 2815 Manassis
657 2762 811 2815 auctoritate
833 2763 946 2820 irrlcitnr.
980 2758 1052 2829 πρὸς
1070 2759 1121 2817 τὸν
1144 2766 1199 2817 τῶν
1216 2764 1301 2817 οἴκων

206 2831 321 2901 φύλακα
336 2833 392 2887 cciv
409 2825 440 2885 ἰν
457 2836 517 2893 τοῖς
532 2826 708 2899 ἀνακτόροις,
723 2830 833 2883 παπίαν
843 2828 957 2900 λέγομεν
972 2826 1057 2885 cc’cric
1067 2828 1140 2887 cccci
1154 2828 1301 2902 Ῥωμαίων

206 2904 338 2972 γλῶσσαν.
374 2901 448 2956 addit
467 2900 586 2962 Coresiua
610 2901 677 2953 idem
701 2900 774 2952 aulae
790 2900 888 2953 clericis
907 2901 1074 2970 palatinisque
1092 2902 1206 2956 ecclesiis
1221 2903 1300 2955 inisse

204 2972 396 3042 praepositum,
412 2987 444 3024 sc
459 2976 617 3039 protopapae
634 2969 896 3039 (archipresbyterum
911 2970 1038 3038 intellige)
1051 2988 1226 3041 nonnunquam
1243 2988 1300 3025 mn-

207 3058 270 3094 nere
294 3041 423 3094 donatum.
450 3040 568 3108 egregias
593 3055 652 3093 naus
676 3045 703 3090 et
725 3056 772 3107 pro
798 3038 939 3092 huiusmodi
970 3040 1097 3093 sententia
1120 3041 1169 3094 baa
1192 3040 1300 3093 militant

207 3109 382 3164 auctoritates.
405 3109 499 3179 prima,
522 3110 610 3161 irenes
629 3108 740 3161 devotae
761 3107 930 3175 imperatricis
954 3108 980 3160 in
1005 3109 1072 3173 lecto
1089 3109 1152 3162 duas
1175 3109 1298 3176 imagines

206 3178 321 3247 repperit
336 3177 426 3247 impius
443 3178 536 3231 coniux
551 3178 606 3229 Leo
625 3175 781 3244 copronymi
792 3176 874 3240 iilius,
892 3177 930 3229 ait
947 3176 1092 3245 cedrenus,
1109 3195 1174 3247 quas
1191 3177 1298 3262 inquisi-

206 3248 278 3299 tione
301 3249 371 3299 iacta
396 3234 475 3311 seipas
500 3238 544 3299 ὅτι
573 3240 588 3299 ὁ
614 3244 721 3307 παπίας
744 3246 796 3297 τοῦ
819 3244 956 3298 παλατίου
978 3242 1143 3315 εἰσεκόμισεν
1160 3240 1298 3315 crinem

206 3316 298 3367 clerico
316 3315 404 3383 utique
420 3314 496 3367 iidem
514 3320 541 3366 et
553 3314 644 3366 cultum
661 3313 812 3382 imaginibus
829 3321 965 3380 seruante3
987 3315 1085 3379 altera,
1110 3314 1190 3367 Leoni
1207 3320 1298 3369 Arme-

204 3383 250 3436 nio
267 3401 353 3436 necem
369 3383 464 3435 illaturi
480 3382 613 3435 Michaelis
633 3382 707 3436 Bnlbi
724 3383 804 3446 socii,
828 3384 986 3436 sacerdotnm
1004 3384 1134 3436 ornatibus
1160 3386 1298 3455 assumptis

204 3453 373 3521 simulataque
387 3452 518 3519 religionis
534 3452 635 3520 specie,
653 3452 725 3504 amul
742 3469 799 3505 cum
823 3452 944 3521 palatinis
968 3452 1067 3509 clericis
1089 3453 1224 3505 matutinas
1238 3454 1296 3506 lau·

203 3522 250 3574 des
265 3520 291 3573 in
309 3521 402 3590 palatio
419 3520 592 3574 decantaturis
609 3519 709 3572 admissi
732 3526 807 3573 sunta
834 3523 870 3589 τῇ
891 3518 971 3575 ccccl
996 3516 1193 3589 ὁπλισθέντες,
1215 3518 1296 3576 ἔνδο-

201 3592 256 3644 θεν
273 3585 308 3641 τὰ
325 3588 392 3712 §imp
407 3590 573 3657 peperisses,
589 3589 642 3642 ruri
657 3588 765 3642 παπίου
788 3584 969 3657 οἶνοίξανιος,
995 3585 1032 3651 ὥς
1054 3586 1085 3643 oi
1103 3586 1201 3659 ἱερεῖς,
1224 3586 1294 3661 μετὰ

201 3658 344 3727 φιλοινίαν
361 3660 503 3727 esitius.
527 3657 616 3728 papias
632 3657 734 3725 itaque,
758 3674 807 3711 ceu
824 3676 870 3713 eos
886 3659 1022 3713 admittere
1038 3660 1141 3724 solitus,
1157 3678 1190 3713 ex
1206 3676 1293 3713 eornm

199 3745 304 3781 numero
320 3728 372 3781 init
388 3745 459 3781 unus.
478 3733 507 3780 at
529 3744 585 3780 cum
607 3726 700 3796 papiae
723 3726 848 3795 dignitate
872 3727 984 3801 promoti
1006 3728 1090 3797 (quod
1111 3731 1185 3781 nefas
1209 3730 1293 3783 eccle·

198 3796 326 3861 siasticis,
354 3802 384 3849 ut
400 3797 494 3867 optime
509 3795 612 3850 disserit
625 3800 697 3847 Anna
713 3794 857 3865 comnena)
882 3798 950 3850 acies
968 3796 1101 3850 eduxerint
1116 3796 1144 3849 in
1160 3798 1246 3851 hostes
1265 3805 1293 3851 et

199 3868 349 3935 frequenter
365 3882 422 3919 cum
439 3866 477 3919 eis
494 3882 582 3919 manus
599 3864 787 3935 conseruerint,
810 3869 907 3921 bostra
924 3866 992 3918 clero
1011 3866 1176 3919 coniiciuntur
1189 3868 1292 3930 allecti;

198 3935 261 4018 qrrin
277 3952 294 3987 a
310 3935 379 3988 clero
396 3952 498 4017 quoqne
514 3934 693 4019 alieninsacras
708 3934 831 4004 imagines
845 3936 941 3999 inferre
959 3940 987 3987 et
1000 3936 1090 4019 palatii
1107 3942 1197 4019 portas
1215 3936 1292 3988 cleri-
1308 3970 1309 3977 ο

197 4004 1291 4141 i:’MtMtiutsttcit‘stt0‘Mi:lusistislusistis

195 4141 285 4195 hone
301 4142 474 4197 Grammatico
490 4159 552 4197 suae
569 4142 630 4196 fidei
647 4144 834 4198 commendatas
848 4141 941 4196 tenuit.
975 4143 1023 4195 boc
1040 4142 1095 4193 eius
1111 4143 1190 4195 verba
1200 4142 1289 4195 decla-

194 4218 258 4264 rant
272 4211 300 4264 in
316 4211 412 4267 anilio
428 4212 584 4267 Macedonas
614 4203 728 4274 si'Aprci
748 4213 834 4275 ασδος
853 4205 1008 4278 sicdocpcic
1032 4204 1103 4275 πρὸς
1118 4205 1290 4265 τὸνπαπίαν

196 4276 247 4333 καλ
262 4275 334 4349 ἄρας
348 4276 398 4356 ciss'
418 4276 507 4339 adres
521 4277 573 4347 τοὶς
586 4278 692 4350 suisti
786 4277 880 4353 ἤνοιξε
904 4278 944 4351 τῷ
966 4278 1113 4351 ammte·
1139 4276 1190 4335 act
1210 4274 1288 4351 prati·
