3092 4942
290 307 365 378 286
450 303 659 373 GRETSERI
675 303 728 370 ET
747 301 881 370 GOARI
893 297 1230 370 COMMENTARIUS

185 493 192 506 ·
290 469 397 591 gretiam
414 467 467 538 prd
478 484 528 538 ope
544 467 597 522 latu
612 465 740 520 relaturus
758 463 920 530 urinum,
936 462 1032 533 amplo
1051 463 1143 532 inquo
1159 461 1183 514 is
1204 461 1319 516 bonoim
1334 469 1394 517 eret

309 547 434 602 estruem,
458 537 526 590 aliud
544 535 746 604 magnificentius
762 541 919 586 exstructum
936 532 1047 603 praediis
1063 531 1162 601 amplos
1175 531 1330 584 habentibus
1348 550 1394 584 re-

291 607 360 660 ditus
375 605 511 670 ditaverit,
528 615 556 660 et
571 607 672 670 urbem,
692 603 855 656 [locheneias
871 619 1010 671 suppresso
1017 601 1137 669 nomine,
1152 599 1289 653 vocaverit
1302 600 1393 652 'l'beo-

291 673 443 744 doropolim.
478 673 563 729 subdit
586 673 732 734 cedrenus,
759 687 793 725 ex
817 687 868 740 quo
883 672 946 723 baec
961 669 1127 740 depromptu:
1153 686 1216 721 sene
1235 669 1274 722 bis
1291 685 1392 738 semper

292 744 436 815 auspicibus
461 751 540 812 atque
564 740 738 812 antesignanis
762 739 897 792 adversum
913 740 1001 792 hostes
1018 739 1056 792 uti
1072 739 1173 790 solebat
1184 737 1324 808 imperator
1339 739 1392 792 bic.

292 831 341 866 nec
358 821 467 866 temere:
487 813 556 864 visus
574 812 639 864 enim
657 810 791 864 manifesto
807 815 907 876 martyr
923 823 997 878 opem
1014 809 1093 872 ferre,
1109 806 1215 877 hostiles
1231 822 1323 858 cuneos
1334 812 1392 859 tur-

293 881 371 946 bare,
396 891 423 934 et
446 881 661 951 praeclarissimos
680 879 768 931 ducem
785 882 964 947 repraestare
982 876 1114 929 victoriae.
1148 874 1251 927 ultimus
1267 875 1393 927 Tbeodo-

292 967 338 1004 rus
355 950 436 1015 alius,
460 951 511 1003 tiro
529 951 623 1012 dictus,
649 965 699 1000 nou
717 946 785 1017 quod
802 963 926 1000 armornm
943 943 1061 997 tirocinio
1078 943 1237 1006 erudiretur,
1260 943 1306 996 sed
1323 944 1392 1014 quod

294 1020 320 1072 in
345 1021 448 1072 cohorte
470 1019 580 1073 tironum
604 1017 672 1072 dicta
694 1021 831 1086 provectus
851 1013 966 1067 centurio
988 1018 1184 1083 promereretur.
1218 1011 1394 1066 Dsmascenus

293 1089 477 1142 subdiaconusr
505 1077 574 1156 ἦτον
590 1085 639 1140 ναὶ
656 1081 739 1146 αὐτὸς
756 1081 822 1146 ἕνας
839 1080 880 1146 εἰς
895 1078 928 1137 cd
946 1077 1037 1150 τάγμα
1053 1076 1127 1138 ὅπου
1145 1077 1320 1148 &condietur
1339 1077 1393 1134 Tri·

295 1174 395 1226 ρανες,
413 1152 488 1210 ὦσαν
504 1152 540 1210 voi
558 1153 638 1227 εἰπῇτ
655 1147 864 1223 ἑκατόνταρχος.
899 1151 938 1206 ita
954 1151 1038 1204 dictus
1049 1158 1140 1204 aanor
1150 1151 1392 1218 vulguriidiomsto.

361 1285 390 1342 p.
398 1260 439 1326 48
454 1271 480 1322 u.
489 1259 517 1324 4.
535 1261 603 1320 illud
616 1255 782 1342 Θεοδῶρων
793 1265 838 1317 est
851 1257 997 1334 utriusque
1005 1255 1149 1316 Theodori
1160 1257 1302 1335 martyris,
1314 1257 1395 1317 ducis

296 1355 326 1408 et
340 1349 446 1407 tironis.
489 1349 588 1426 prioris
599 1348 701 1405 festum
717 1351 807 1422 agunt
821 1344 952 1408 Graeci8
966 1343 1054 1420 Iunii,
1075 1342 1239 1422 posterioris
1257 1344 1297 1406 17
1310 1341 1394 1402 Febr.

297 1440 327 1493 et
347 1435 376 1492 in
395 1435 468 1493 hune
489 1435 608 1491 tironem
625 1438 719 1492 exstat
739 1433 770 1489 S.
794 1429 924 1508 Gregorii
947 1426 1070 1505 Nysseni
1090 1427 1275 1508 pulcherrima
1295 1429 1395 1488 oratio.

365 1549 446 1602 iotn.·
478 1542 616 1614 Pasippus
642 1540 781 1613 ἔφιππον]
807 1544 963 1618 notissimum
984 1541 1044 1596 olim
1074 1541 1180 1615 ducem,
1205 1542 1311 1611 sanctir-
1328 1559 1397 1596 nunc

296 1615 407 1669 tolerato
432 1615 555 1684 martyrio
578 1615 718 1683 Georgium
743 1615 860 1667 ellectum
883 1613 993 1682 equitem
1016 1629 1068 1664 sem
1148 1611 1256 1681 pingunt
1283 1611 1395 1674 Graecia

297 1683 367 1754 quod
387 1686 489 1755 saepius
514 1683 548 1736 sit
570 1684 639 1736 visus
664 1678 842 1754 ναβαλλάρης
864 1678 905 1742 εἰς
928 1675 1032 1747 ἄλογον
1076 1695 1165 1748 capos
1182 1687 1210 1733 et
1226 1678 1398 1749 λεντοφὸρσς

297 1751 484 1824 ναβαλλάριος
500 1748 540 1814 εἰς
556 1747 660 1820 ἄλογον
680 1747 798 1818 ἄστρον.
836 1753 1004 1803 Damascenns
1022 1749 1115 1803 citstm
1137 1750 1163 1802 in
1183 1749 1328 1805 Thesauro.
1363 1751 1397 1804 de

298 1823 459 1945 georgiopt
473 1822 613 1946 gheodoro
633 1821 728 1877 sanctis
746 1822 906 1875 Graecorum
923 1817 1117 1875 auxiliatoribus
1140 1818 1249 1873 Nicetes
1271 1820 1399 1875 mmsis

322 1909 421 1945 omnem
447 1930 454 1946 .
491 1929 498 1944 .

278 2027 280 2030 -
366 1993 705 2062 suessoniensem]
732 2009 789 2046 cum
812 1991 951 2062 aquilicia
973 1990 1053 2044 aciem
1075 1989 1143 2044 inter
1163 1989 1262 2045 vexilla
1274 1989 1323 2044 luti
1337 1994 1399 2044 snut

297 2061 376 2116 etiam
394 2063 531 2127 dracones,
549 2063 656 2115 maxime
674 2062 775 2117 lubente
791 2062 906 2133 imperio.
939 2060 1015 2114 dccet
1030 2060 1198 2130 Dempsterus
1214 2059 1248 2112 ud
1265 2059 1338 2115 Rom.
1349 2076 1399 2112 sn·

297 2130 347 2199 tiq.
363 2133 467 2188 calcem.
502 2131 641 2200 dequibus
665 2133 760 2186 Suidas
784 2150 810 2184 v.
834 2133 949 2199 σημεῖατ
978 2124 998 2182 ἃ
1043 2123 1152 2194 ἑσσνσιν
1172 2123 1203 2182 to
1224 2128 1265 2197 τῷ
1287 2122 1400 2198 πολέμῳ

297 2191 450 2267 ὑφάσματά
468 2196 519 2286 slot
538 2200 617 2284 ῥαφῇ
633 2196 848 2282 πεποικιῇμένα,
874 2194 895 2283 ᾇτ’
922 2194 963 2259 εἰς
985 2195 1014 2250 id
1029 2215 1065 2249 αν
1072 2193 1197 2280 ,μάλιστα
1213 2191 1307 2280 ᾄφναν
1322 2197 1400 2279 εἴνα-

299 2283 381 2387 ⁰'“²r’.
400 2265 452 2388 tt}
466 2267 1080 2407 ‚licillli'l‘idii'iiciilliiimitdiin
1111 2265 1406 2388 itttl'fft‘tdz

191 2433 195 2441 ·
299 2351 358 2455 εἴη
378 2405 465 2485 aureis
484 2408 657 2484 gemmatoque
673 2407 865 2460 summitatibus
881 2407 1001 2475 illigati,
1017 2407 1093 2458 bintus
1111 2412 1184 2458 uasto
1197 2373 1349 2472 perfldtilcs,
1371 2410 1399 2458 et

299 2473 372 2526 velut
386 2488 429 2524 cru
447 2475 540 2540 perciti
555 2474 704 2542 sibilantes,
725 2475 1057 2544 cnudcmmpneoolcmicu
1066 2475 1235 2544 relinquentes
1245 2475 1274 2527 ia
1285 2481 1399 2528 centum.

386 2577 440 2636 His
457 2571 641 2657 imperatoriis
664 2580 783 2638 flamnlis
807 2597 858 2636 sen
878 2579 983 2637 vexillis
995 2585 1113 2658 propter
1131 2580 1328 2656 cognationem
1346 2598 1400 2637 no-

302 2662 384 2722 minis
406 2664 480 2722 adde
501 2663 627 2723 vexillum
651 2665 681 2723 S.
703 2663 847 2741 Dionysii,
873 2664 980 2723 Gallice
1009 2665 1144 2743 orsflomde
1169 2665 1291 2744 dictum,
1321 2663 1408 2741 quod.

303 2767 386 2825 reges
412 2747 520 2831 Gallipe
547 2753 655 2808 summa
685 2749 820 2827 religione
842 2769 937 2826 secum
962 2750 992 2808 in
1016 2751 1207 2826 expeditiones
1234 2751 1400 2808 educebant

304 2835 341 2894 de
370 2851 428 2909 quo
453 2836 518 2894 vide
542 2842 625 2911 gesta
655 2833 792 2894 Lndovici
817 2835 988 2894 Francorum
1008 2836 1083 2910 regis
1109 2832 1402 2911 f01.188,144,et

303 2915 461 2996 Rigordum
478 2922 514 2979 de
535 2921 623 2998 gestis
641 2919 763 3000 Philippi
785 2918 908 2997 Augusti
929 2922 1003 2998 regis
1021 2919 1069 2977 fol.
1094 2921 1153 2983 186
1174 2921 1218 2977 ed.
1234 2919 1354 2978 Pithoei.

388 3018 456 3078 Non
486 3041 600 3100 possum
623 3022 678 3080 hoc
701 3023 761 3080 loco
790 3021 892 3079 tacitus
911 3021 1062 3100 praeterire
1081 3019 1234 3100 Nicephori
1257 3020 1402 3100 Gregorae

302 3102 321 3162 b
342 3107 363 3167 7
381 3105 525 3165 sinistrum
546 3113 576 3164 et
591 3107 729 3164 abiectum
752 3108 884 3165 iudicium
902 3108 938 3164 de
957 3106 1161 3166 marchionibus
1176 3105 1304 3184 Latinis,
1329 3123 1402 3181 quos

304 3187 344 3246 ait
365 3209 417 3248 non
437 3209 490 3248 esse
513 3192 599 3250 claros
617 3193 690 3270 opud
710 3191 837 3266 Lnu'ncs,
866 3192 911 3250 sed
938 3211 995 3253 eim
1020 3191 1166 3268 diguitatis
1186 3191 1302 3268 ςταάανι
1317 3196 1404 3251 tenere

304 3293 379 3352 quem
393 3275 466 3351 apud
484 3275 618 3336 Rooscucr
638 3274 833 3357 (Cpolitanos)
856 3282 925 3336 teos
944 3274 960 3338 ὅ
978 3273 1035 3354 τήν
1049 3272 1209 3356 βασιλικήν
1223 3277 1356 3355 σημαίαν
1369 3275 1405 3339 ἐν

304 3355 501 3438 στρατεύμασι
522 3359 669 3441 κατέχων,
694 3367 725 3420 et
744 3362 897 3420 marchioni
915 3367 1040 3439 perpetuo
1056 3381 1153 3420 munus
1176 3362 1224 3419 boc
1243 3362 1405 3421 attribm
1430 3385 1437 3393 ·

284 3471 286 3475 ·
304 3461 357 3500 erse
372 3450 403 3500 ut
424 3465 489 3502 acuo
507 3449 661 3523 imperatori
683 3448 812 3504 vexillum
833 3447 980 3524 proeserct
1022 3445 1126 3504 scilicet
1143 3446 1266 3505 marchio
1282 3446 1404 3506 Montis·

303 3527 417 3603 serrati,
446 3527 584 3606 Misniae‚
613 3529 857 3609 Brandeburgiens
879 3537 909 3590 et
933 3530 1035 3589 similes
1055 3533 1132 3609 apud
1150 3529 1269 3590 Latinos
1291 3530 1405 3590 maioris

304 3611 450 3686 dignitatis
470 3632 528 3672 non
549 3620 631 3674 erant
653 3632 736 3690 qnam
751 3615 939 3693 lampadarins
952 3621 1003 3674 aut
1016 3617 1099 3691 isqui
1113 3614 1243 3674 divelium
1256 3622 1307 3676 aut
1324 3619 1408 3676 flam·

304 3695 380 3754 mula
401 3697 581 3776 imperatoria
601 3701 679 3778 apud
697 3699 822 3758 Graecos
842 3701 1004 3780 imperatori
1022 3702 1237 3780 praeportabat3
1259 3720 1312 3759 nec
1331 3721 1408 3760 mar·

305 3780 417 3839 chiones
446 3801 513 3862 seu,
544 3791 577 3843 ut
606 3785 706 3844 Graeci
724 3786 890 3863 appellant,
919 3789 1042 3846 mercerii
1059 3805 1162 3845 nomen
1181 3785 1236 3845 hoc
1258 3786 1407 3846 habenta

304 3867 402 3924 uexillo
418 3886 467 3926 seu
491 3871 593 3942 buado,
624 3871 675 3928 sed
696 3891 714 3929 a
734 3869 867 3929 limitibus
888 3871 1010 3930 tuendis.
1053 3871 1144 3930 morel
1160 3873 1234 3930 enim
1256 3871 1405 3930 Germanis

305 3951 383 4010 limes
405 3959 457 4012 est.
499 3973 564 4012 nam
583 3955 684 4012 finibus
702 3955 885 4015 defendendis
915 3957 1050 4034 praefecti
1077 3962 1173 4033 erant,
1202 3957 1251 4032 qui
1272 3957 1407 4035 temporis

201 4054 224 4112 p
240 4055 292 4114 221
310 4055 462 4116 progressu
478 4041 515 4096 ad
534 4040 717 4116 amplissimas
733 4060 802 4119 opes
816 4041 1023 4118 latissimusque
1035 4043 1207 4120 principatus
1220 4047 1409 4118 emerserunts

311 4123 400 4196 qualis
421 4123 537 4182 enimet
559 4141 643 4200 qnam
660 4131 761 4204 potens
785 4127 908 4186 marchio
928 4127 1193 4205 Brandebnrgicus‚
1214 4126 1408 4186 marchioBa-

309 4205 422 4286 densis,
440 4209 562 4268 marchio
581 4209 807 4290 Onspachensis,
827 4212 950 4271 marchio
965 4212 1124 4291 Moraviae,
1143 4212 1266 4271 marchio
1286 4212 1407 4289 Burgoi·

309 4310 359 4352 cus
376 4299 406 4354 et
428 4293 494 4356 alii‘l
535 4295 596 4376 ipse
624 4297 709 4357 etiam
735 4296 852 4359 Nicetes
881 4297 1036 4360 Choniates
1061 4297 1121 4366 l.7
1150 4298 1188 4357 de
1213 4297 1298 4386 rebus
1318 4297 1406 4382 gestis
