3092 4942
272 335 347 406 282
436 335 645 404 GRETSER]
657 335 713 401 ET
727 331 861 403 cosm
871 333 1205 402 comminamus

340 499 413 569 pso
441 516 467 554 r.
485 501 511 554 6.
527 499 591 568 σᾶς]
608 497 763 568 pronominis
777 491 1274 570 siphuleestieeleinprinoeeng
1289 498 1371 553 inre·

271 567 347 638 liquis
362 570 414 631 nois
432 575 460 622 et
475 561 540 630 ίοοῖς
557 575 677 638 corrupte
693 568 844 638 pronunm'st
859 566 982 620 (inerim.

342 670 378 722 io.
398 686 424 725 r.
441 670 467 725 7.
484 667 566 738 θεός]
591 670 633 722 cui
648 672 728 724 verbo
745 670 826 724 odies
841 688 875 723 ex
891 670 1050 737 Horologio‚
1065 675 1097 722 ut
1112 669 1148 722 n't
1171 668 1372 722 norluluinte·

272 755 336 806 ρον,
358 738 416 791 τῶν
438 735 567 804 πατέρων
584 735 663 808 ἡμῶν
678 736 695 792 ὁ
710 739 800 792 ποιῶν
812 733 858 794 αἐλ
874 733 941 806 μεθ’
960 735 1039 806 ἡμῶν
1054 733 1128 792 κατὰ
1144 732 1200 806 τὴν
1215 731 1267 805 τὴν
1288 731 1371 790 ἐπιεί-

272 824 369 874 κειαν,
389 802 427 875 μὴ
445 803 604 878 ἇποστήυγς
622 804 655 862 ri
675 805 752 871 ἔλεός
767 824 821 862 σου
839 803 890 874 ἀφ’
905 802 1003 892 ἡμῶν,
1025 802 1097 861 ἄλλα
1122 812 1185 868 ταῖς
1202 801 1294 860 αὐτῶν
1314 802 1370 860 ire·

270 875 344 938 τίαιρ
362 869 393 930 ἐν
411 873 510 948 εἰρήνῃ
535 873 707 962 αυβέρνηυον
730 871 784 946 τὴν
809 873 883 944 ζωὴν
904 878 993 944 ημῶν.
1030 877 1260 946 polychronismum
1283 893 1371 928 mone-

271 947 375 1066 elpprpm
397 943 424 998 in
448 946 589 1017 superioris
611 947 720 1000 salntem
740 946 859 1000 οωίνοοια
881 946 991 1016 require
1006 946 1035 1000 in
1057 945 1168 1000 Memeo
1189 953 1261 999 retro
1277 944 1372 998 Nonne

269 1032 287 1068 o
317 1031 392 1068 orum.

356 1104 392 1163 il.
413 1123 440 1164 v.
467 1107 513 1168 12.
550 1103 816 1183 protspostclnrins]
846 1105 926 1164 vides
945 1109 976 1162 et
995 1102 1042 1162 liic
1060 1121 1165 1163 nomen
1184 1103 1371 1162 Graecanicae

272 1190 441 1266 ambitionis,
462 1192 539 1266 quod
562 1191 636 1249 inter
653 1190 716 1248 illos
737 1192 786 1267 qni
805 1191 966 1269 apostolum
978 1188 1097 1248 Paulum
1110 1189 1221 1268 publice
1230 1189 1372 1268 legebant,

271 1276 326 1334 lice
346 1282 391 1334 est
410 1277 485 1334 inter
504 1276 708 1354 apostolarios,
728 1277 878 1335 voluerunt
898 1276 1003 1336 habere
1023 1275 1298 1355 prompostolarium.

344 1391 381 1447 to.
396 1384 425 1442 i.
446 1393 486 1446 17.
504 1387 523 1460 ἡ
538 1390 589 1457 τῆς
607 1390 779 1459 λειτουργίας
797 1385 867 1459 ὥρα]
910 1407 960 1444 nne
982 1390 1031 1443 lino
1049 1389 1138 1442 diceb
1154 1398 1213 1442 orto
1230 1390 1284 1443 sole
1299 1389 1372 1442 ‹leci-

273 1475 315 1512 ma
337 1466 385 1513 est.
418 1460 456 1512 ita
481 1467 560 1528 typus
583 1459 698 1512 hodierni
721 1460 803 1514 officii
824 1461 859 1513 ed
880 1408 975 1513 §onae
1001 1459 1096 1512 calcem
1118 1459 1231 1529 positure
1255 1456 1320 1526 περὶ
1337 1453 1371 1512 oi

274 1524 351 1592 sipoto
369 1524 490 1597 δεκάτην
506 1527 633 1596 σημαίνει
650 1523 683 1582 τὸ
702 1524 772 1598 μέγα
791 1536 848 1594 eto,
871 1529 904 1582 ao
927 1528 1044 1596 synaxim
1064 1528 1185 1582 videlioet
1204 1543 1371 1599 vesperem

273 1597 428 1717 liabpndnm
453 1596 545 1668 quibus
570 1597 650 1651 finitis
670 1599 795 1666 καθεξῆς
817 1594 836 1668 ἡ
853 1597 921 1652 θεία
935 1595 1092 1666 λειτουργία
1106 1597 1159 1650 τοῦ
1175 1595 1297 1667 mailoc
1314 1599 1370 1650 Βα-

271 1670 326 1720 oris
338 1684 382 1718 ου.

340 1750 375 1804 il.
396 1767 422 1802 v.
440 1753 484 1807 20.
510 1754 617 1807 sabbato
642 1753 684 1806 vel
700 1751 826 1806 (lominica
842 1752 963 1807 ieiunium
980 1753 1090 1807 Graecis
1106 1752 1230 1808 illicitum.
1264 1769 1320 1805 enm
1336 1751 1370 1805 ob
1445 1769 1450 1774 ’

269 1837 324 1874 rem
342 1819 365 1872 si
383 1821 505 1873 nntelium
521 1823 619 1876 Christi
636 1823 727 1876 <liebus
746 1822 886 1875 liiiiusmodi
904 1839 959 1874 sors
976 1823 1046 1876 lernt
1063 1823 1187 1876 odobrori
1205 1822 1369 1905 pervigilium,

268 1899 298 1942 ut
313 1908 329 1943 e
346 1889 440 1942 ieiunio
460 1891 602 1957 abstinent,
618 1893 656 1945 its
675 1892 776 1944 missam
793 1900 919 1945 consueto
933 1900 1061 1962 ternpore,
1081 1892 1149 1961 quod
1165 1892 1218 1944 dier
1234 1892 1310 1944 tertis
1321 1897 1370 1954 est,

267 1966 410 2029 peragunto
429 1959 451 2011 si
467 1959 532 2012 alies
548 1961 645 2013 incidat
660 1962 686 2014 in
704 1961 798 2023 terius,
815 1978 871 2014 cum
891 1961 990 2014 nonnisi
1008 1962 1101 2014 ιιιίοοοο
1116 1961 1261 2030 praemissis
1277 1958 1370 2012 solem·

267 2029 341 2080 nibus
360 2030 400 2082 los
417 2029 452 2081 sit
469 2030 569 2082 solvere
586 2030 720 2100 ieiunium,
744 2029 809 2083 illud
828 2048 893 2082 vero
909 2031 942 2082 sd
962 2047 1096 2100 vesperem
1115 2047 1195 2100 osque
1212 2030 1248 2083 sit
1266 2037 1370 2097 protra-

266 2097 393 2163 lrendum,
416 2115 524 2167 vespere
548 2101 720 2166 solummodo,
745 2116 796 2167 quo
819 2099 1022 2168 vespertinarum
1047 2099 1147 2152 laudum
1164 2106 1265 2167 tempus
1281 2098 1369 2165 instat,

267 2167 342 2218 simul
358 2181 415 2218 curn
430 2167 493 2234 ipsis
511 2179 630 2221 cantatur
648 2169 736 2233 misen3
755 2185 806 2238 qun
822 2169 894 2220 finita
913 2169 963 2220 cibi
981 2168 1143 2238 cupiendifit
1154 2175 1278 2238 potestus.
1305 2167 1368 2218 lineo

267 2251 300 2288 ex
317 2235 367 2287 ritu
384 2234 459 2287 liuius
475 2236 525 2290 diei
542 2239 570 2289 in
586 2238 696 2290 Menneu
713 2238 864 2307 reperiendo
880 2238 915 2290 orl
932 2237 1007 2290 huius
1023 2237 1074 2289 loci
1089 2237 1282 2307 expositionem.

351 2361 379 2418 p.
395 2339 437 2402 47
450 2360 476 2398 v.
491 2341 521 2402 8.
542 2349 609 2420 post
628 2344 703 2400 hunc
721 2341 838 2420 liturgia
856 2343 1008 2421 perficitur]
1040 2343 1147 2401 habent
1167 2341 1242 2400 liunc
1263 2361 1369 2401 morem

265 2423 384 2500 Graeci,
412 2431 444 2482 ut
472 2425 502 2482 in
534 2429 747 2506 quadragesima
768 2429 866 2486 diebus
890 2430 983 2487 ieiunii
1003 2435 1033 2487 et
1053 2430 1083 2486 in
1102 2427 1204 2505 vigiliis
1225 2429 1369 2505 liturgiam

264 2529 315 2567 seu
338 2511 451 2567 missam
472 2509 612 2569 celebrent
634 2533 652 2571 a
672 2513 796 2589 meridie,
815 2519 846 2570 et
862 2520 896 2572 ut
912 2515 977 2590 lrinc
996 2521 1125 2592 apparet,
1145 2520 1213 2591 post
1226 2532 1367 2591 vesperas,

237 2670 240 2675 Ι
263 2597 294 2652 in
315 2595 454 2654 Paschate
473 2595 587 2673 liturgia
603 2597 636 2656 fit
657 2603 723 2656 ante
744 2599 812 2655 solis
834 2606 970 2656 excrtmn.
1012 2599 1072 2657 aliis
1100 2599 1198 2656 diebus
1220 2599 1291 2656 liora
1310 2605 1355 2656 ter

265 2681 315 2758 tia,
337 2688 473 2756 tanquam
493 2689 636 2760 consueta,
657 2689 690 2741 ut
711 2684 794 2741 docet
814 2683 929 2742 Gabriel
950 2684 1200 2765 Philadelphiensis
1217 2685 1367 2762 episcopus

265 2766 295 2824 in
315 2787 367 2826 suo
390 2769 426 2824 de
446 2769 626 2862 sacramentis
646 2768 747 2829 libello.

336 2866 371 2918 il.
390 2882 416 2919 v.
439 2867 480 2920 13.
505 2861 646 2936 ἀλλάσσει]
671 2885 721 2920 non
743 2874 844 2934 motat,
873 2867 918 2920 sed
936 2867 1020 2938 potins
1035 2867 1139 2932 incinit,
1165 2859 1199 2920 τό
1216 2857 1312 2918 ἐπάνω
1328 2864 1368 2916 ni-

152 2973 160 2992 r
266 2933 355 2988 mirum
374 2929 478 3004 ἔνδυμα
495 2945 545 2990 eto.
580 2937 613 2990 nd
631 2939 665 2992 28
680 2945 767 2990 notem
784 2938 924 3006 superioris
940 2937 1048 3007 ospitis,
1065 2937 1145 2989 arnico
1160 2936 1257 3001 lector,
1274 2949 1369 2988 *recur-

151 3087 182 3178 'l'
201 3089 251 3144 197

267 3021 309 3056 rus
344 3020 428 3060 reclll'.

327 3023 414 3154 poliri
446 3095 579 3171 crinonia]
612 3093 666 3153 hoc
693 3095 869 3174 imperatoris
896 3101 1009 3173 tegmen
1036 3094 1147 3152 videtur
1167 3112 1187 3152 a
1206 3093 1300 3171 specie
1319 3090 1367 3148 lilii

265 3184 399 3240 crinonioe
416 3200 518 3240 nomen
539 3181 686 3257 invenisse,
707 3188 740 3239 ut
760 3187 790 3239 et
807 3180 877 3238 illud
899 3180 1088 3258 tetraplylluro
1099 3199 1118 3238 a
1132 3183 1267 3256 quattuor
1282 3176 1365 3240 foliis.

263 3267 410 3342 utriusque
435 3265 560 3324 meminit
588 3264 778 3343 Glossarium,
812 3266 864 3324 sed
888 3267 972 3327 nudis
992 3265 1117 3342 solisque
1136 3264 1228 3325 verbis
1251 3263 1364 3340 Cadini,

263 3351 340 3410 nulla
360 3350 542 3430 explicatione
562 3351 695 3410 adhibita

331 3465 481 3532 spinosiora
497 3483 617 3518 oorooom
633 3467 700 3520 loliis
715 3466 893 3520 rivellosonlie
903 3466 930 3518 in
942 3464 1240 3535 gymmgersoiuonteen
1281 3462 1364 3515 (bre-

261 3532 315 3586 sius
340 3534 366 3586 in
394 3534 534 3602 rescriptis.
579 3533 712 3586 Balssmon
733 3537 858 3590 Meditata
878 3535 911 3588 de
933 3534 1043 3588 incensis
1068 3540 1119 3588 eto.
1147 3533 1214 3587 Iuris
1232 3532 1315 3585 GRl.
1333 3534 1363 3588 72

260 3601 355 3671 κρίνας
371 3593 402 3655 ἔτι
422 3600 569 3670 spinosiore
584 3600 785 3672 συλλεγόμενος.

331 3688 394 3740 illici.
414 3683 617 3756 τετράφυλλον]
635 3688 756 3743 Coresius
772 3691 840 3743 idem
855 3688 932 3742 (locet
949 3689 1024 3743 sliam
1044 3705 1163 3742 cornuum
1179 3704 1252 3753 esso,
1279 3702 1364 3755 eque

262 3763 384 3880 pffippr
401 3755 514 3824 flosculi,
539 3757 573 3810 od
590 3758 700 3810 frontem
714 3759 830 3812 nimirum
847 3768 876 3812 et
892 3759 1003 3828 sinciput
1020 3776 1053 3813 so
1069 3758 1102 3811 nd
1117 3766 1250 3828 utramque
1266 3772 1362 3822 aurem,

345 3916 379 3974 ib.
397 3933 423 3974 v.
438 3917 488 3976 21.
510 3914 660 3992 flammula]
681 3913 782 3974 dicitur
802 3911 837 3977 τό
853 3917 1023 3996 flammeolum
1044 3921 1074 3976 et
1093 3912 1129 3977 rol
1139 3916 1292 3996 fleumata,
1312 3914 1363 3974 ali-

262 4003 375 4078 quando
396 3998 513 4077 simplici
534 4025 572 4078 μ,
592 4002 733 4059 interdum
754 4002 904 4078 geminato.
947 4004 1050 4063 dicitnr
1067 4002 1151 4060 etiam
1168 4002 1286 4082 flamula
1302 4004 1361 4080 fla-

261 4089 360 4160 mulae,
382 4103 485 4163 genere
506 4086 646 4146 feminino.
689 4086 824 4164 Vegetius
845 4091 864 4150 3
887 4088 922 4150 5:
945 4091 1065 4166 aquilae,
1088 4087 1230 4160 dracones,
1252 4086 1361 4156 υουίίίυ,

257 4172 431 4252 flammulae,
454 4168 530 4248 lufao
549 4192 595 4229 eeu
616 4172 720 4249 tuphae.
763 4174 863 4230 merito
883 4179 978 4232 autem
993 4172 1171 4250 reprehendit
1181 4171 1294 4248 Lipsius
1309 4171 1326 4228 l.
1342 4166 1362 4230 4

264 4258 300 4313 ‹lc
322 4257 423 4316 Militia
443 4253 573 4314 Romana
592 4256 653 4314 illos
671 4258 718 4333 qui
739 4259 816 4336 apud
838 4258 988 4334 Vegetium
997 4259 1130 4338 flarrrulae
1143 4263 1256 4315 mutant
1269 4257 1299 4313 in
1312 4257 1362 4311 fla-

264 4341 368 4402 meola:
389 4365 404 4403 ο
423 4342 502 4420 mole,
522 4342 624 4422 inquit,
644 4340 803 4404 obstineant.
844 4347 875 4404 et
894 4345 994 4408 merito
1014 4350 1111 4403 monet
1132 4350 1164 4402 ut
1186 4343 1361 4411 abstineaut3
1400 4402 1404 4406 Α
