3092 4942
303 354 375 428 164
458 351 881 424 transmeatum
897 343 1228 424 COMMENTARIUS

195 532 216 582 p
236 515 763 603 1eopropriumdomesticumhabere
783 522 844 574 erat
859 521 953 576 autem
965 518 1133 578 domesticus
1153 534 1225 580 unus
1239 534 1276 580 er
1292 515 1392 602 psaltis

299 625 351 664 seu
362 604 538 680 cantoribus,
557 610 587 661 et
599 600 806 682 a'protopsulta
821 603 981 680 proximus,
994 604 1047 661 sub
1066 623 1098 663 se
1109 603 1214 666 habens
1227 607 1296 666 aiios
1315 607 1403 688 psal·-

301 698 346 752 tas
363 709 413 748 seu
424 695 569 766 cantores,
590 707 655 766 ιμιοι
666 691 750 746 aeteri
761 688 960 764 cumaeam,
981 687 1073 764 inquit
1096 690 1198 750 Codin
1219 709 1242 751 c.
1266 693 1323 770 17,
1342 710 1402 752 ico-¹

217 821 228 825 ,.
301 781 403 836 aierunt
429 779 550 851 ιτοτίοι,
581 773 636 831 hoc
661 777 723 848 est,
751 777 786 829 ut
810 771 943 831 Germani
968 772 1061 832 dicere
1094 775 1201 854 soient,
1233 776 1421 852 setrailiug.=

301 859 338 940 8)
349 867 537 940 pratopapasn,
556 860 651 934 quiet
669 857 732 936 ipse
749 856 900 932 aliquando
915 875 987 914 unus
1009 863 1040 916 et
1057 857 1131 918 idem
1151 866 1212 918 erat
1230 857 1261 920 in
1279 860 1393 920 ecclesia

301 946 421 1024 etanta,
442 944 593 1021 aliquando
608 943 749 1019 dicemus,
770 948 803 1000 ut
824 941 892 1000 dicit
915 942 1042 1002 Codinus
1064 961 1093 1001 ιι
1113 942 1156 1006 40
1173 945 1239 1004 ibid.
1275 943 1393 1024 4)μαΐ-

301 1050 400 1112 πωροι
411 1034 582 1107 magiarum,
601 1028 650 1102 qui
665 1031 696 1084 et
709 1027 772 1107 ipse
784 1032 889 1086 cautor.
903 1046 926 1086 c.
942 1031 970 1091 6.
1007 1025 1041 1106 5)
1051 1031 1241 1089 wuormatiae.
1273 1031 1307 1110 6)
1323 1031 1393 1090 laa-

295 1117 459 1196 paiarium,
481 1114 558 1172 cuius
573 1118 634 1170 erat
654 1111 816 1190 imperatori
833 1111 991 1191 lampadem
1012 1113 1159 1191 praeferre.
1201 1111 1237 1192 7)
1257 1114 1405 1174 archidiae--

300 1221 416 1260 conum:
437 1199 511 1259 hunc
528 1199 601 1256 enim
615 1215 672 1254 non
686 1197 809 1256 habebat
826 1197 956 1272 eeclesia,
976 1197 1027 1254 sed
1044 1197 1121 1275 auls,
1142 1201 1175 1255 ut
1205 1198 1272 1256 dicit
1290 1191 1403 1258 Codin:

300 1287 348 1344 iol.
365 1283 432 1349 125.
448 1285 484 1341 de
500 1284 599 1341 eodem
616 1281 705 1340 muita
725 1282 773 1342 fol.
794 1285 835 1346 96
860 1287 890 1340 et
914 1284 955 1344 97
974 1287 1004 1339 et
1024 1281 1089 1340 alibi
1113 1281 1232 1360 passim
1254 1287 1287 1341 ut
1306 1289 1337 1343 et
1357 1285 1394 1343 de

302 1376 477 1451 protopapa‚
499 1368 670 1446 lampadurio
684 1373 715 1426 et
727 1367 844 1426 caeteris
858 1367 1015 1424 ministeriis
1032 1366 1221 1426 ecclesiasticis
1232 1367 1262 1424 in
1278 1369 1350 1428 aute.

383 1453 470 1532 Apud
482 1453 602 1510 Citrium
615 1460 812 1534 proponantur
825 1452 928 1511 multus
942 1452 1119 1526 quaestiones
1132 1452 1168 1510 de
1185 1451 1393 1512 archidiacono:

299 1532 335 1599 τό
348 1531 585 1620 όρχιόιαιιονιιιόν
599 1531 748 1615 duplaret
760 1538 851 1612 ποίας
871 1535 932 1600 ἐστὶ
947 1532 1057 1611 τάξιας
1076 1534 1129 1600 sat
1144 1537 1234 1598 aolov
1256 1537 1394 1617 βαθμοῦ,

299 1620 352 1682 acl
373 1623 401 1684 el
412 1624 587 1703 προΐσταται
602 1625 664 1684 τοῖν
682 1619 764 1686 itur
782 1616 931 1685 διακόνων
948 1619 989 1696 οἷς
1005 1614 1221 1702 όρχιδιόιιονος.
1239 1623 1397 1702 respondet

299 1705 406 1765 Citrius
416 1708 652 1767 aululariam
664 1708 784 1787 officium
797 1729 849 1767 non
864 1727 917 1767 erse
932 1700 1123 1788 οἷρχοντιιιόν,
1145 1699 1216 1768 odil
1232 1703 1266 1768 ia
1278 1711 1396 1783 φιλοτι-

299 1791 373 1873 μίας
391 1785 612 1872 ἀρχιερατικῆς,
635 1785 736 1873 όσττερ
761 1788 797 1854 τό
819 1787 999 1871 α’ρχοντίιιιαι
1040 1790 1201 1850 Bonefidius
1218 1791 1317 1851 vertit:
1344 1811 1395 1851 noa

300 1878 531 1955 est‘magietrula
551 1897 633 1955 aspie
651 1897 684 1936 ετ
704 1878 863 1937 liberalitate
882 1878 1046 1955 parificati,
1064 1883 1096 1936 ut
1109 1877 1312 1960 aaguteriulia.
1332 1893 1394 1935 cor-

208 1958 214 1963 ’
298 1967 421 2019 rectores
444 1968 635 2020 oonexeruut:
664 1963 904 2022 archidiaconiam
924 1961 1036 2039 officium
1054 1981 1107 2020 aaa
1127 1968 1166 2020 eet
1190 1981 1223 2022 cx
1243 1961 1393 2040 ffeualium

299 2046 491 2123 claritatibus,
517 2067 563 2105 uec
593 2048 720 2108 tribuitur
747 2067 781 2107 ea·
804 2047 964 2106 liberalitate
982 2047 1148 2126 pontificali,
1181 2052 1215 2106 ut
1241 2047 1394 2124 efficialium

298 2131 453 2207 dignitates.
481 2132 570 2208 primu
588 2133 680 2191 versio
702 2135 772 2191 sutis
791 2139 835 2190 est
856 2133 1047 2208 magisterialis
1069 2151 1121 2189 seu
1142 2133 1325 2208 τοοςίιιταὶιι,
1345 2151 1391 2192 se-

299 2217 391 2272 cunda
404 2215 488 2291 perulo
502 2217 619 2295 propius
633 2238 752 2296 scopum
770 2218 871 2294 tangit.
893 2217 1062 2275 archonticia
1076 2217 1169 2276 officia
1184 2223 1214 2275 et
1239 2211 1393 2298 α’ξιοόματα

299 2300 378 2376 apud
394 2298 513 2357 Citrium
522 2307 590 2358 sunt
605 2301 652 2359 iile
665 2311 738 2376 quae
753 2303 816 2376 quis
831 2302 939 2360 obtinet
960 2298 1011 2363 dial
1024 2305 1085 2362 τοῖν
1107 2296 1318 2381 inperciatur,
1338 2301 1392 2361 hoe

300 2388 346 2440 est
355 2400 409 2458 μοιΙ
422 2384 515 2442 literas
535 2389 561 2441 et
580 2386 716 2444 εοάίοίίιοι
735 2389 797 2447 τοῖν
812 2380 979 2466 ἀρχόντων,
997 2390 1161 2466 principum,
1181 2387 1243 2446 sive
1261 2387 1280 2446 ii
1295 2393 1392 2446 ¹essent

281 2467 481 2544 ‘imperatores
509 2467 569 2525 'sive
589 2470 772 2547 patriarchae
803 2473 958 2548 respondet
981 2489 1049 2548 ergo
1078 2473 1184 2531 Citrius
1207 2472 1392 2532 archidiaconi
1513 2469 1514 2480 ¹

298 2551 419 2608 officium
436 2570 494 2610 rron
510 2569 573 2610 esre
593 2554 728 2613 eiusmodi
745 2558 823 2631 quod
841 2573 892 2634 per
909 2555 1073 2616 ατοόοτιὶτατ
1094 2559 1268 2634 conseratur,
1285 2577 1335 2616 seu
1354 2558 1393 2616 ab

297 2636 465 2714 imperatore
477 2654 528 2694 eeu
541 2657 560 2696 a
579 2640 752 2716 patriarcha,
772 2643 824 2699 sed
846 2659 909 2698 esse
931 2641 1008 2718 longi
1022 2643 1156 2721 temporis
1177 2648 1206 2700 et
1224 2661 1327 2722 operae
1342 2644 1392 2702 diu

299 2722 451 2800 praestitae
464 2723 544 2797 quasi
557 2727 820 2786 remunerationem:
838 2721 885 2788 dud
904 2725 955 2788 ael
966 2726 1008 2800 οός
1018 2721 1128 2807 χρόνον
1139 2726 1191 2790 aul
1204 2727 1284 2794 tilae
1296 2725 1392 2791 τόπον

299 2803 425 2888 δόρημα
445 2803 466 2870 ό
486 2803 694 2889 α’ρχιὸιόιιονος
717 2811 775 2890 ἔχει
798 2810 851 2874 aul
870 2806 927 2890 τὴν
945 2807 1097 2893 ότιεροχιξν
1117 2811 1168 2876 ἐπὶ
1186 2805 1309 2876 πόντον
1328 2817 1391 2876 τοῖν

245 2945 249 2974 ,
298 2887 464 2963 διακόνων,
482 2887 746 2974 εἴτεᾶρχοντνιίοις
758 2893 935 2961 ὁποιοισοῦν
952 2898 1121 2978 τετίμηνται
1137 2896 1194 2962 εἴτε
1208 2895 1260 2960 uui
1276 2891 1319 2980 μή
1328 2945 1338 2976 ,
1357 2896 1390 2960 ἔν

297 2996 329 3039 τε
343 2980 387 3061 τοτ’
396 2980 477 3124 appi,
498 2976 532 3042 iu
546 2983 589 3064 epi
603 2978 679 3066 trip
693 2976 821 3062 βήματι,
843 2979 895 3044 aul
915 2980 950 3046 iu
970 2985 1010 3068 τῇ
1026 2975 1274 3064 preciduntur
1293 2983 1390 3048 θείαν

296 3080 412 3141 μοστηρ
426 3085 477 3127 αν.

382 3149 546 3216 Quaesitum
560 3168 674 3226 quoque
686 3151 779 3211 fuerat
795 3170 862 3210 uum
872 3150 1031 3230 patriarcha
1046 3157 1142 3232 posset
1160 3171 1212 3232 per
1228 3151 1287 3210 sola
1301 3155 1400 3228 pitia.

301 3233 344 3288 eia
357 3237 387 3288 et
399 3233 502 3309 trevia,
523 3240 554 3290 et
567 3237 699 3293 mandato
713 3257 776 3314 suo,
789 3238 929 3315 praeferre
950 3236 1057 3312 aliquos
1075 3239 1151 3297 nullo
1171 3237 1260 3296 officio
1272 3237 1389 3313 iruigui-

300 3319 346 3372 tos
362 3312 415 3371 illis
431 3317 480 3391 qui
493 3318 599 3392 priores
617 3321 743 3397 fuerant,
765 3322 841 3380 nullo
861 3327 954 3381 tamen
972 3323 1026 3400 ipsi
1047 3324 1131 3382 etiam
1148 3323 1238 3382 officio
1256 3323 1388 3381 decorati.

299 3401 453 3477 respondet
477 3401 582 3459 Citrius
609 3403 662 3462 hoc
690 3405 774 3483 plane
802 3425 863 3464 esse
887 3406 1107 3486 intolerandum,
1138 3413 1172 3467 ut
1197 3408 1390 3489 praeferantur

298 3482 385 3557 aliqui
425 3484 574 3572 prioribus„
597 3507 648 3565 per
671 3494 805 3567 pittacia,
842 3491 967 3568 etiamsi,
1003 3493 1050 3567 qui
1093 3495 1302 3572 praeferantur,
1337 3493 1389 3550 ha-

262 3628 264 3633 .
299 3567 386 3627 beant
412 3569 515 3642 officia3
542 3571 594 3629 sed
622 3574 772 3646 quemlibet
795 3577 824 3633 in
844 3575 905 3635 loco
929 3582 959 3634 et
977 3577 1100 3635 statione
1126 3597 1193 3656 sua,
1216 3595 1301 3654 quem
1318 3582 1388 3635 tern-

300 3670 369 3729 pore
379 3654 550 3753 acquisivit,
578 3655 790 3731 relinquendum
810 3679 885 3720 esse:
907 3657 929 3740 if
948 3657 1005 3742 yolp
1029 3659 1111 3736 τόξις
1132 3661 1185 3724 aul
1206 3661 1308 3734 στάσις
1326 3665 1388 3722 criu

299 3735 450 3800 duuaouau
466 3744 508 3823 epi
520 3732 618 3820 χρόνῳ
635 3742 810 3820 ῥυθμίζεται
825 3745 875 3807 καὶ
890 3747 1068 3824 στηρίζεται,
1087 3745 1140 3808 aul
1155 3746 1235 3809 ἔστιν
1253 3741 1389 3820 inerunt·

298 3841 405 3897 νητος,
423 3823 515 3898 inquit
528 3825 645 3898 Citrius3
668 3827 715 3903 qui
730 3834 759 3885 et
774 3829 855 3888 addit
869 3832 893 3888 ei
907 3831 954 3906 qui
966 3833 1135 3890 actisactis
1146 3851 1195 3890 seu
1205 3833 1324 3892 ότεοίόαι
1335 3832 1389 3889 hu-

298 3904 418 3963 iusmodi
430 3907 583 3967 honoratus
598 3917 656 3988 est,
676 3912 746 3972 satis
757 3932 819 3971 esse
834 3922 867 3972 ut
883 3918 996 3991 quando
1016 3917 1175 3996 patriarcha
1187 3937 1238 3976 seu
1262 3917 1388 3996 pontifex

294 4006 354 4049 rem
373 3991 495 4051 divinam
515 3996 599 4071 facit,
626 3997 664 4054 sit
683 4000 746 4075 ipse
766 3999 872 4077 primus
898 4000 931 4063 ἐν
952 4005 991 4084 τῇ
1014 3998 1136 4083 εἰσόδῳ,
1158 4007 1187 4062 io
1206 4008 1327 4078 ingressu
1350 4002 1389 4060 ad

299 4074 404 4153 altare,
425 4095 475 4135 reu
491 4079 520 4136 in
536 4079 577 4138 itu
590 4082 659 4138 etin
673 4085 854 4162 perceptione
871 4087 1027 4146 divinorum
1043 4088 1244 4163 mysteriorum.
1264 4087 1294 4144 in
1314 4091 1389 4145 cete-

298 4161 336 4218 ris
349 4164 473 4236 quemvir
485 4180 567 4227 suum
581 4165 672 4224 locum
683 4173 778 4227 tenere
794 4171 908 4246 debere;
927 4179 958 4232 et
972 4173 1096 4246 iniquum
1110 4188 1171 4230 esse
1186 4178 1219 4230 ut
1237 4169 1255 4233 ὅ
1269 4189 1389 4253 προεισ-

300 4243 442 4324 ausisse,
462 4254 624 4329 pcipriaas
645 4256 743 4327 taust,
771 4273 822 4314 seu
835 4263 868 4316 ut
889 4257 974 4334 vulgo
997 4255 1151 4336 loquimur,
1173 4261 1220 4336 put
1232 4257 1388 4335 μτττατόιο-

300 4335 367 4392 tiaa
380 4333 494 4412 Ιιαὺοιΐ,
504 4337 540 4394 de
550 4336 613 4397 loco
625 4356 678 4397 suo
692 4339 858 4401 detmbatus
877 4342 956 4403 atteri
969 4343 1067 4402 cedere
1084 4347 1212 4423 cogetur.
1236 4361 1271 4404 ex
1284 4342 1387 4422 quibus
