<?xml version="1.0" encoding="UTF-8"?>
<!DOCTYPE html PUBLIC "-//W3C//DTD XHTML 1.0 Transitional//EN"
    "http://www.w3.org/TR/xhtml1/DTD/xhtml1-transitional.dtd">
<html xmlns="http://www.w3.org/1999/xhtml" xml:lang="en" lang="en">
 <head>
  <title>
</title>
<meta http-equiv="Content-Type" content="text/html;charset=utf-8" />
  <meta name='ocr-system' content='tesseract 3.04.00' />
  <meta name='ocr-capabilities' content='ocr_page ocr_carea ocr_par ocr_line ocrx_word'/>
</head>
<body>
  <div class='ocr_page' id='page_1' title='image "./corpusscriptoru43theogoog/corpusscriptoru43theogoog_0103.png"; bbox 0 0 3092 4942; ppageno 0'>
   <div class='ocr_carea' id='block_1_1' title="bbox 410 283 1250 360">
    <p class='ocr_par' dir='ltr' id='par_1_1' title="bbox 410 283 1250 360">
     <span class='ocr_line' id='line_1_1' title="bbox 410 283 1250 360; baseline 0.011 -11"><span class='ocrx_word' id='word_1_1' title='bbox 410 283 468 350; x_wconf 87' lang='lat' dir='ltr'><strong>DE</strong></span> <span class='ocrx_word' id='word_1_2' title='bbox 493 283 669 352; x_wconf 77' lang='lat' dir='ltr'><strong>onnlcus</strong></span> <span class='ocrx_word' id='word_1_3' title='bbox 695 284 754 354; x_wconf 83' lang='lat' dir='ltr'><strong>GP.</strong></span> <span class='ocrx_word' id='word_1_4' title='bbox 778 286 863 358; x_wconf 79' lang='lat' dir='ltr'><strong>csP.</strong></span> <span class='ocrx_word' id='word_1_5' title='bbox 884 287 995 357; x_wconf 86' lang='lat' dir='ltr'>XVII.</span> <span class='ocrx_word' id='word_1_6' title='bbox 1201 287 1250 360; x_wconf 85' lang='grc'><strong>87</strong></span> 
     </span>
    </p>
   </div>
   <div class='ocr_carea' id='block_1_2' title="bbox 101 451 1353 2850">
    <p class='ocr_par' dir='ltr' id='par_1_2' title="bbox 153 451 1353 855">
     <span class='ocr_line' id='line_1_2' title="bbox 157 451 1249 552; baseline 0.003 -29"><span class='ocrx_word' id='word_1_7' title='bbox 157 451 295 523; x_wconf 76' lang='grc' dir='ltr'>συνόδων</span> <span class='ocrx_word' id='word_1_8' title='bbox 310 456 361 521; x_wconf 76' lang='grc' dir='ltr'><strong>καὶ</strong></span> <span class='ocrx_word' id='word_1_9' title='bbox 377 460 438 522; x_wconf 76' lang='grc' dir='ltr'><strong>τῶν</strong></span> <span class='ocrx_word' id='word_1_10' title='bbox 454 455 679 552; x_wconf 29' lang='grc' dir='ltr'><strong><em>κατολικαιροδς</em></strong></span> <span class='ocrx_word' id='word_1_11' title='bbox 693 463 841 538; x_wconf 82' lang='grc' dir='ltr'><strong><em>τοπικῶν,</em></strong></span> <span class='ocrx_word' id='word_1_12' title='bbox 867 455 910 526; x_wconf 81' lang='grc' dir='ltr'><strong>έτι</strong></span> <span class='ocrx_word' id='word_1_13' title='bbox 926 459 959 524; x_wconf 82' lang='grc' dir='ltr'><strong>δέ</strong></span> <span class='ocrx_word' id='word_1_14' title='bbox 971 461 1023 524; x_wconf 85' lang='grc' dir='ltr'><strong>καλ</strong></span> <span class='ocrx_word' id='word_1_15' title='bbox 1042 457 1081 524; x_wconf 83' lang='grc' dir='ltr'><strong>τά</strong></span> <span class='ocrx_word' id='word_1_16' title='bbox 1097 455 1249 546; x_wconf 89' lang='grc' dir='ltr'><strong><em>προνόμια</em></strong></span> 
     </span>
     <span class='ocr_line' id='line_1_3' title="bbox 157 556 1353 648; baseline 0.003 -24"><span class='ocrx_word' id='word_1_17' title='bbox 157 559 319 645; x_wconf 64' lang='grc' dir='ltr'><strong><em>καλέλλιμα</em></strong></span> <span class='ocrx_word' id='word_1_18' title='bbox 338 565 393 644; x_wconf 74' lang='grc' dir='ltr'><strong>τῆς</strong></span> <span class='ocrx_word' id='word_1_19' title='bbox 413 556 580 646; x_wconf 76' lang='grc' dir='ltr'><strong><em>ἁγιωτάτης</em></strong></span> <span class='ocrx_word' id='word_1_20' title='bbox 594 557 727 646; x_wconf 76' lang='grc' dir='ltr'><em>μεγάλης</em></span> <span class='ocrx_word' id='word_1_21' title='bbox 741 568 798 627; x_wconf 76' lang='grc' dir='ltr'><strong>τού</strong></span> <span class='ocrx_word' id='word_1_22' title='bbox 812 568 890 628; x_wconf 72' lang='grc' dir='ltr'><strong><em>θεοῦ</em></strong></span> <span class='ocrx_word' id='word_1_23' title='bbox 905 563 1073 646; x_wconf 66' lang='grc' dir='ltr'><strong><em>ἐκκλησίας.</em></strong></span> <span class='ocrx_word' id='word_1_24' title='bbox 1122 565 1246 648; x_wconf 78' lang='grc' dir='ltr'><strong><em>προσέτι</em></strong></span> <span class='ocrx_word' id='word_1_25' title='bbox 1262 566 1284 621; x_wconf 82' lang='lat' dir='ltr'>P</span> <span class='ocrx_word' id='word_1_26' title='bbox 1303 569 1353 624; x_wconf 82' lang='lat'><strong>121</strong></span> 
     </span>
     <span class='ocr_line' id='line_1_4' title="bbox 154 660 1249 750; baseline 0.005 -23"><span class='ocrx_word' id='word_1_27' title='bbox 154 689 189 748; x_wconf 79' lang='grc' dir='ltr'><strong>γε</strong></span> <span class='ocrx_word' id='word_1_28' title='bbox 202 660 267 747; x_wconf 78' lang='grc' dir='ltr'><strong>μην</strong></span> <span class='ocrx_word' id='word_1_29' title='bbox 279 668 398 744; x_wconf 72' lang='grc' dir='ltr'><strong><em>βεβαιῶ</em></strong></span> <span class='ocrx_word' id='word_1_30' title='bbox 415 665 467 728; x_wconf 82' lang='grc' dir='ltr'><strong>καλ</strong></span> <span class='ocrx_word' id='word_1_31' title='bbox 489 662 604 750; x_wconf 83' lang='grc' dir='ltr'><strong><em>στέργω</em></strong></span> <span class='ocrx_word' id='word_1_32' title='bbox 624 661 739 750; x_wconf 82' lang='grc' dir='ltr'><strong><em>ὅσαπερ</em></strong></span> <span class='ocrx_word' id='word_1_33' title='bbox 754 663 957 749; x_wconf 77' lang='grc' dir='ltr'><strong><em>ἐδογμάτισαν</em></strong></span> <span class='ocrx_word' id='word_1_34' title='bbox 969 669 1020 732; x_wconf 82' lang='grc' dir='ltr'><strong>καλ</strong></span> <span class='ocrx_word' id='word_1_35' title='bbox 1038 665 1202 732; x_wconf 73' lang='grc' dir='ltr'><strong><em>έθέσπισαν</em></strong></span> <span class='ocrx_word' id='word_1_36' title='bbox 1218 668 1249 733; x_wconf 77' lang='lat' dir='ltr'><strong>oi</strong></span> 
     </span>
     <span class='ocr_line' id='line_1_5' title="bbox 153 762 1246 855; baseline 0.004 -25"><span class='ocrx_word' id='word_1_37' title='bbox 153 764 234 832; x_wconf 77' lang='grc' dir='ltr'><strong><em>κατὰ</em></strong></span> <span class='ocrx_word' id='word_1_38' title='bbox 254 762 366 844; x_wconf 90' lang='grc' dir='ltr'><strong><em>τόπους</em></strong></span> <span class='ocrx_word' id='word_1_39' title='bbox 384 762 544 853; x_wconf 72' lang='grc' dir='ltr'><strong><em>ἁγιώτατοι</em></strong></span> <span class='ocrx_word' id='word_1_40' title='bbox 564 766 690 853; x_wconf 75' lang='grc' dir='ltr'><strong><em>πατέρες</em></strong></span> <span class='ocrx_word' id='word_1_41' title='bbox 711 763 799 850; x_wconf 72' lang='grc' dir='ltr'><strong><em>ἡμῶν</em></strong></span> <span class='ocrx_word' id='word_1_42' title='bbox 820 767 926 855; x_wconf 78' lang='grc' dir='ltr'><strong><em>ὀρθῶς</em></strong></span> <span class='ocrx_word' id='word_1_43' title='bbox 948 771 999 834; x_wconf 79' lang='grc' dir='ltr'><strong>καὶ</strong></span> <span class='ocrx_word' id='word_1_44' title='bbox 1017 776 1180 847; x_wconf 80' lang='grc' dir='ltr'><strong><em>κανονικιῦς</em></strong></span> <span class='ocrx_word' id='word_1_45' title='bbox 1194 770 1246 836; x_wconf 79' lang='grc' dir='ltr'><strong>καλ</strong></span> 
     </span>
    </p>

    <p class='ocr_par' dir='ltr' id='par_1_3' title="bbox 101 865 1298 1370">
     <span class='ocr_line' id='line_1_6' title="bbox 101 865 1298 960; baseline 0 -24"><span class='ocrx_word' id='word_1_46' title='bbox 101 887 105 894; x_wconf 90' lang='grc'><strong>’</strong></span> <span class='ocrx_word' id='word_1_47' title='bbox 126 865 372 953; x_wconf 71' lang='grc' dir='ltr'><strong><em>δάνεπιληπτως.</em></strong></span> <span class='ocrx_word' id='word_1_48' title='bbox 422 865 567 945; x_wconf 78' lang='grc' dir='ltr'><strong><em>ὡσαύτως</em></strong></span> <span class='ocrx_word' id='word_1_49' title='bbox 580 865 782 959; x_wconf 71' lang='grc' dir='ltr'><strong>Ιὑπισχνοῦμαι</strong></span> <span class='ocrx_word' id='word_1_50' title='bbox 797 869 933 952; x_wconf 74' lang='grc' dir='ltr'><strong><em>ἐμμένειν</em></strong></span> <span class='ocrx_word' id='word_1_51' title='bbox 946 873 997 935; x_wconf 75' lang='grc' dir='ltr'><strong>καὶ</strong></span> <span class='ocrx_word' id='word_1_52' title='bbox 1011 873 1153 954; x_wconf 73' lang='grc' dir='ltr'><strong>διηνεκῶς</strong></span> <span class='ocrx_word' id='word_1_53' title='bbox 1165 869 1246 960; x_wconf 77' lang='grc' dir='ltr'><strong><em>εὗρέ·</em></strong></span> <span class='ocrx_word' id='word_1_54' title='bbox 1295 917 1298 925; x_wconf 79' lang='lat'><em>,</em></span> 
     </span>
     <span class='ocr_line' id='line_1_7' title="bbox 152 969 1264 1059; baseline 0.004 -23"><span class='ocrx_word' id='word_1_55' title='bbox 152 978 286 1039; x_wconf 75' lang='lat' dir='ltr'><strong>oxeodot</strong></span> <span class='ocrx_word' id='word_1_56' title='bbox 300 970 407 1048; x_wconf 83' lang='grc' dir='ltr'><strong><em>πιστὸς</em></strong></span> <span class='ocrx_word' id='word_1_57' title='bbox 420 975 470 1036; x_wconf 82' lang='grc' dir='ltr'><strong>καὶ</strong></span> <span class='ocrx_word' id='word_1_58' title='bbox 490 969 610 1057; x_wconf 76' lang='grc' dir='ltr'><strong><em>γνήσιος</em></strong></span> <span class='ocrx_word' id='word_1_59' title='bbox 629 974 738 1050; x_wconf 82' lang='grc' dir='ltr'><strong><em>δούλας</em></strong></span> <span class='ocrx_word' id='word_1_60' title='bbox 750 975 803 1036; x_wconf 78' lang='grc' dir='ltr'><strong>καὶ</strong></span> <span class='ocrx_word' id='word_1_61' title='bbox 819 973 885 1050; x_wconf 78' lang='grc' dir='ltr'><strong><em>οἷὸς</em></strong></span> <span class='ocrx_word' id='word_1_62' title='bbox 898 980 954 1058; x_wconf 83' lang='grc' dir='ltr'><strong>τῆς</strong></span> <span class='ocrx_word' id='word_1_63' title='bbox 968 971 1057 1059; x_wconf 54' lang='lat' dir='ltr'><strong>tylae</strong></span> <span class='ocrx_word' id='word_1_64' title='bbox 1070 975 1246 1058; x_wconf 75' lang='grc' dir='ltr'><strong><em>ἐκκλησίας·</em></strong></span> <span class='ocrx_word' id='word_1_65' title='bbox 1260 1015 1264 1026; x_wconf 58' lang='grc' dir='ltr'><strong><em>ι</em></strong></span> 
     </span>
     <span class='ocr_line' id='line_1_8' title="bbox 150 1070 1243 1162; baseline 0.005 -24"><span class='ocrx_word' id='word_1_66' title='bbox 150 1073 231 1162; x_wconf 89' lang='grc' dir='ltr'><strong><em>πρδς</em></strong></span> <span class='ocrx_word' id='word_1_67' title='bbox 243 1070 362 1152; x_wconf 91' lang='grc' dir='ltr'><strong><em>τούτοις</em></strong></span> <span class='ocrx_word' id='word_1_68' title='bbox 376 1070 451 1140; x_wconf 77' lang='grc' dir='ltr'><strong><em>εἶναι</em></strong></span> <span class='ocrx_word' id='word_1_69' title='bbox 465 1076 516 1140; x_wconf 73' lang='grc' dir='ltr'><strong>καὶ</strong></span> <span class='ocrx_word' id='word_1_70' title='bbox 532 1075 685 1161; x_wconf 84' lang='grc' dir='ltr'><strong><em>δεφένσωρ</em></strong></span> <span class='ocrx_word' id='word_1_71' title='bbox 703 1078 754 1140; x_wconf 78' lang='grc' dir='ltr'><strong>καλ</strong></span> <span class='ocrx_word' id='word_1_72' title='bbox 769 1076 929 1160; x_wconf 74' lang='grc' dir='ltr'><strong><em>έκδικητὴς</em></strong></span> <span class='ocrx_word' id='word_1_73' title='bbox 948 1077 1043 1161; x_wconf 77' lang='grc' dir='ltr'><strong><em>αὐτῆς</em></strong></span> <span class='ocrx_word' id='word_1_74' title='bbox 1048 1122 1060 1156; x_wconf 89' lang='grc'><strong><em>,</em></strong></span> <span class='ocrx_word' id='word_1_75' title='bbox 1085 1079 1135 1142; x_wconf 83' lang='grc' dir='ltr'><strong>καλ</strong></span> <span class='ocrx_word' id='word_1_76' title='bbox 1152 1082 1195 1156; x_wconf 81' lang='grc' dir='ltr'><strong>εἰς</strong></span> <span class='ocrx_word' id='word_1_77' title='bbox 1209 1077 1243 1144; x_wconf 84' lang='grc' dir='ltr'><strong>τό</strong></span> 
     </span>
     <span class='ocr_line' id='line_1_9' title="bbox 150 1174 1243 1267; baseline 0.003 -26"><span class='ocrx_word' id='word_1_78' title='bbox 150 1174 285 1261; x_wconf 82' lang='grc' dir='ltr'><strong><em>ύπήκοον</em></strong></span> <span class='ocrx_word' id='word_1_79' title='bbox 299 1177 422 1262; x_wconf 77' lang='grc' dir='ltr'><strong><em>εὐμενὴς</em></strong></span> <span class='ocrx_word' id='word_1_80' title='bbox 438 1181 488 1243; x_wconf 81' lang='grc' dir='ltr'><strong>καὶ</strong></span> <span class='ocrx_word' id='word_1_81' title='bbox 505 1175 723 1265; x_wconf 74' lang='grc' dir='ltr'><strong><em>φιλάνθρωπος</em></strong></span> <span class='ocrx_word' id='word_1_82' title='bbox 742 1179 822 1243; x_wconf 81' lang='grc' dir='ltr'><strong><em>κατά</em></strong></span> <span class='ocrx_word' id='word_1_83' title='bbox 844 1179 879 1243; x_wconf 87' lang='grc' dir='ltr'><strong>τὸ</strong></span> <span class='ocrx_word' id='word_1_84' title='bbox 901 1177 980 1256; x_wconf 79' lang='grc' dir='ltr'><strong><em>εῗκός</em></strong></span> <span class='ocrx_word' id='word_1_85' title='bbox 996 1205 1027 1246; x_wconf 85' lang='grc' dir='ltr'><strong>τε</strong></span> <span class='ocrx_word' id='word_1_86' title='bbox 1047 1181 1098 1244; x_wconf 83' lang='grc' dir='ltr'><strong>καλ</strong></span> <span class='ocrx_word' id='word_1_87' title='bbox 1120 1180 1243 1267; x_wconf 86' lang='grc' dir='ltr'><strong><em>πρέπον,</em></strong></span> 
     </span>
     <span class='ocr_line' id='line_1_10' title="bbox 149 1278 1243 1370; baseline 0.002 -24"><span class='ocrx_word' id='word_1_88' title='bbox 149 1283 202 1346; x_wconf 79' lang='grc' dir='ltr'><strong>καὶ</strong></span> <span class='ocrx_word' id='word_1_89' title='bbox 217 1280 385 1366; x_wconf 68' lang='grc' dir='ltr'><strong><em>ἀπέχεσθαι</em></strong></span> <span class='ocrx_word' id='word_1_90' title='bbox 399 1278 502 1369; x_wconf 82' lang='grc' dir='ltr'><strong><em>φόνων</em></strong></span> <span class='ocrx_word' id='word_1_91' title='bbox 516 1283 566 1346; x_wconf 81' lang='grc' dir='ltr'><strong>καλ</strong></span> <span class='ocrx_word' id='word_1_92' title='bbox 582 1281 842 1370; x_wconf 74' lang='grc' dir='ltr'><strong><em>ἀκρωτηριασμιόν</em></strong></span> <span class='ocrx_word' id='word_1_93' title='bbox 859 1283 909 1345; x_wconf 79' lang='grc' dir='ltr'><strong>καὶ</strong></span> <span class='ocrx_word' id='word_1_94' title='bbox 924 1289 984 1348; x_wconf 79' lang='grc' dir='ltr'><strong>τῶν</strong></span> <span class='ocrx_word' id='word_1_95' title='bbox 997 1279 1110 1364; x_wconf 87' lang='grc' dir='ltr'><strong><em>δμοέων</em></strong></span> <span class='ocrx_word' id='word_1_96' title='bbox 1125 1281 1243 1362; x_wconf 87' lang='grc' dir='ltr'><strong><em>τούτοις</em></strong></span> 
     </span>
    </p>

    <p class='ocr_par' dir='ltr' id='par_1_4' title="bbox 109 1381 1279 1882">
     <span class='ocr_line' id='line_1_11' title="bbox 109 1381 1243 1469; baseline 0.002 -18"><span class='ocrx_word' id='word_1_97' title='bbox 109 1382 230 1456; x_wconf 81' lang='grc' dir='ltr'><strong><em>1οκατδ</em></strong></span> <span class='ocrx_word' id='word_1_98' title='bbox 243 1384 278 1450; x_wconf 85' lang='grc' dir='ltr'><strong>τό</strong></span> <span class='ocrx_word' id='word_1_99' title='bbox 293 1381 432 1463; x_wconf 85' lang='grc' dir='ltr'><strong><em>δυνατόν,</em></strong></span> <span class='ocrx_word' id='word_1_100' title='bbox 455 1381 629 1450; x_wconf 78' lang='grc' dir='ltr'><strong><em>κατανεύειν</em></strong></span> <span class='ocrx_word' id='word_1_101' title='bbox 641 1411 673 1451; x_wconf 87' lang='grc' dir='ltr'><strong>τε</strong></span> <span class='ocrx_word' id='word_1_102' title='bbox 687 1389 729 1462; x_wconf 79' lang='grc' dir='ltr'><strong>εἷς</strong></span> <span class='ocrx_word' id='word_1_103' title='bbox 740 1390 843 1451; x_wconf 84' lang='grc' dir='ltr'><strong><em>πᾶσαν</em></strong></span> <span class='ocrx_word' id='word_1_104' title='bbox 858 1381 1070 1469; x_wconf 69' lang='grc' dir='ltr'><strong><em>ἀλήθειανκαὶ</em></strong></span> <span class='ocrx_word' id='word_1_105' title='bbox 1086 1384 1243 1452; x_wconf 82' lang='grc' dir='ltr'><strong><em>δικαιοσύ-</em></strong></span> 
     </span>
     <span class='ocr_line' id='line_1_12' title="bbox 145 1483 1241 1575; baseline 0.002 -23"><span class='ocrx_word' id='word_1_106' title='bbox 145 1513 214 1571; x_wconf 83' lang='grc' dir='ltr'><strong><em>νην.</em></strong></span> <span class='ocrx_word' id='word_1_107' title='bbox 264 1489 315 1553; x_wconf 78' lang='grc' dir='ltr'><strong>καὶ</strong></span> <span class='ocrx_word' id='word_1_108' title='bbox 336 1484 395 1554; x_wconf 77' lang='grc' dir='ltr'><strong>ὅσα</strong></span> <span class='ocrx_word' id='word_1_109' title='bbox 416 1486 603 1570; x_wconf 76' lang='grc' dir='ltr'><strong><em>ἅπεβάλοντο</em></strong></span> <span class='ocrx_word' id='word_1_110' title='bbox 628 1490 678 1552; x_wconf 87' lang='grc' dir='ltr'><strong>καλ</strong></span> <span class='ocrx_word' id='word_1_111' title='bbox 702 1483 925 1570; x_wconf 71' lang='grc' dir='ltr'><strong><em>ἀνεθεμάτισαν</em></strong></span> <span class='ocrx_word' id='word_1_112' title='bbox 948 1488 978 1554; x_wconf 80' lang='grc' dir='ltr'><strong>ολ</strong></span> <span class='ocrx_word' id='word_1_113' title='bbox 1003 1484 1083 1573; x_wconf 73' lang='grc' dir='ltr'><strong><em>ἅγιοι</em></strong></span> <span class='ocrx_word' id='word_1_114' title='bbox 1106 1488 1241 1575; x_wconf 86' lang='grc' dir='ltr'><strong><em>πατέρες,</em></strong></span> 
     </span>
     <span class='ocr_line' id='line_1_13' title="bbox 145 1586 1279 1676; baseline -0.005 -20"><span class='ocrx_word' id='word_1_115' title='bbox 145 1586 361 1674; x_wconf 77' lang='grc' dir='ltr'><strong><em>ἇποβάλλομαι</em></strong></span> <span class='ocrx_word' id='word_1_116' title='bbox 375 1593 425 1656; x_wconf 79' lang='grc' dir='ltr'><strong>καὶ</strong></span> <span class='ocrx_word' id='word_1_117' title='bbox 441 1591 652 1673; x_wconf 74' lang='grc' dir='ltr'><strong><em>άναθεματέζω</em></strong></span> <span class='ocrx_word' id='word_1_118' title='bbox 667 1592 718 1654; x_wconf 81' lang='grc' dir='ltr'><strong>καλ</strong></span> <span class='ocrx_word' id='word_1_119' title='bbox 736 1589 843 1670; x_wconf 84' lang='grc' dir='ltr'><strong><em>αύτός,</em></strong></span> <span class='ocrx_word' id='word_1_120' title='bbox 878 1593 928 1656; x_wconf 85' lang='grc' dir='ltr'><strong>καλ</strong></span> <span class='ocrx_word' id='word_1_121' title='bbox 947 1587 1078 1658; x_wconf 86' lang='grc' dir='ltr'><strong><em>πιστεύω</em></strong></span> <span class='ocrx_word' id='word_1_122' title='bbox 1101 1587 1156 1676; x_wconf 83' lang='grc' dir='ltr'><strong>ὅλῃ</strong></span> <span class='ocrx_word' id='word_1_123' title='bbox 1178 1616 1238 1673; x_wconf 89' lang='grc' dir='ltr'><strong>μου</strong></span> <span class='ocrx_word' id='word_1_124' title='bbox 1257 1597 1279 1650; x_wconf 88' lang='grc' dir='ltr'><strong>Β</strong></span> 
     </span>
     <span class='ocr_line' id='line_1_14' title="bbox 144 1688 1240 1784; baseline 0.001 -26"><span class='ocrx_word' id='word_1_125' title='bbox 144 1688 252 1780; x_wconf 75' lang='grc' dir='ltr'><strong><em>ηνιόμη</em></strong></span> <span class='ocrx_word' id='word_1_126' title='bbox 278 1695 329 1758; x_wconf 85' lang='grc' dir='ltr'><strong>καλ</strong></span> <span class='ocrx_word' id='word_1_127' title='bbox 351 1701 440 1780; x_wconf 81' lang='grc' dir='ltr'><strong><em>ψυχῇ</em></strong></span> <span class='ocrx_word' id='word_1_128' title='bbox 465 1695 516 1758; x_wconf 78' lang='grc' dir='ltr'><strong>καὶ</strong></span> <span class='ocrx_word' id='word_1_129' title='bbox 541 1695 652 1784; x_wconf 83' lang='grc' dir='ltr'><strong><em>καρδέηι</em></strong></span> <span class='ocrx_word' id='word_1_130' title='bbox 676 1699 721 1782; x_wconf 76' lang='grc' dir='ltr'><strong>τῷ</strong></span> <span class='ocrx_word' id='word_1_131' title='bbox 746 1695 952 1782; x_wconf 79' lang='grc' dir='ltr'><strong><em>προειρημένῳ</em></strong></span> <span class='ocrx_word' id='word_1_132' title='bbox 981 1691 1057 1782; x_wconf 78' lang='grc' dir='ltr'><strong><em>ἆηέῳ</em></strong></span> <span class='ocrx_word' id='word_1_133' title='bbox 1082 1690 1240 1782; x_wconf 78' lang='grc' dir='ltr'><strong><em>συμβόλῳ.</em></strong></span> 
     </span>
     <span class='ocr_line' id='line_1_15' title="bbox 143 1792 1239 1882; baseline -0.003 -19"><span class='ocrx_word' id='word_1_134' title='bbox 143 1801 244 1863; x_wconf 77' lang='grc' dir='ltr'><strong><em>ταῦτα</em></strong></span> <span class='ocrx_word' id='word_1_135' title='bbox 264 1796 299 1861; x_wconf 82' lang='grc' dir='ltr'><strong>δέ</strong></span> <span class='ocrx_word' id='word_1_136' title='bbox 319 1793 419 1861; x_wconf 90' lang='grc' dir='ltr'><strong><em>πάντα</em></strong></span> <span class='ocrx_word' id='word_1_137' title='bbox 440 1793 642 1880; x_wconf 67' lang='grc' dir='ltr'><strong><em>ὑπισχνοῦμαι</em></strong></span> <span class='ocrx_word' id='word_1_138' title='bbox 668 1794 829 1882; x_wconf 78' lang='grc' dir='ltr'><strong><em>φυλάττειν</em></strong></span> <span class='ocrx_word' id='word_1_139' title='bbox 851 1792 977 1862; x_wconf 73' lang='grc' dir='ltr'><strong><em>ἐνώπιον</em></strong></span> <span class='ocrx_word' id='word_1_140' title='bbox 996 1803 1051 1880; x_wconf 81' lang='grc' dir='ltr'><strong>τῆς</strong></span> <span class='ocrx_word' id='word_1_141' title='bbox 1074 1793 1162 1880; x_wconf 82' lang='grc' dir='ltr'><strong><em>ιλγιάς</em></strong></span> <span class='ocrx_word' id='word_1_142' title='bbox 1183 1803 1239 1861; x_wconf 82' lang='grc' dir='ltr'><strong>τοῦ</strong></span> 
     </span>
    </p>

    <p class='ocr_par' dir='ltr' id='par_1_5' title="bbox 108 1895 1238 2093">
     <span class='ocr_line' id='line_1_16' title="bbox 108 1895 1238 1984; baseline 0 -20"><span class='ocrx_word' id='word_1_143' title='bbox 108 1917 136 1971; x_wconf 85' lang='lat'><strong>15</strong></span> <span class='ocrx_word' id='word_1_144' title='bbox 144 1902 225 1965; x_wconf 76' lang='grc' dir='ltr'><strong><em>θεοῦ</em></strong></span> <span class='ocrx_word' id='word_1_145' title='bbox 242 1903 412 1983; x_wconf 73' lang='grc' dir='ltr'><strong><em>καθολικῆς</em></strong></span> <span class='ocrx_word' id='word_1_146' title='bbox 435 1901 486 1964; x_wconf 78' lang='grc' dir='ltr'><strong>καὶ</strong></span> <span class='ocrx_word' id='word_1_147' title='bbox 509 1900 709 1984; x_wconf 81' lang='grc' dir='ltr'><strong><em>άπαστολικῆς</em></strong></span> <span class='ocrx_word' id='word_1_148' title='bbox 729 1900 897 1984; x_wconf 70' lang='grc' dir='ltr'><strong><em>ἐκκλησίας.</em></strong></span> <span class='ocrx_word' id='word_1_149' title='bbox 947 1899 1026 1964; x_wconf 83' lang='grc' dir='ltr'><strong><em>κατὰ</em></strong></span> <span class='ocrx_word' id='word_1_150' title='bbox 1040 1905 1124 1982; x_wconf 79' lang='grc' dir='ltr'><strong><em>μῆνα</em></strong></span> <span class='ocrx_word' id='word_1_151' title='bbox 1140 1895 1238 1978; x_wconf 88' lang='grc' dir='ltr'><strong><em>τόνδε,</em></strong></span> 
     </span>
     <span class='ocr_line' id='line_1_17' title="bbox 143 1998 1183 2093; baseline -0.005 -25"><span class='ocrx_word' id='word_1_152' title='bbox 143 2005 187 2080; x_wconf 79' lang='grc' dir='ltr'><strong>εἷς</strong></span> <span class='ocrx_word' id='word_1_153' title='bbox 199 2000 256 2079; x_wconf 82' lang='grc' dir='ltr'><strong>τάς</strong></span> <span class='ocrx_word' id='word_1_154' title='bbox 267 1999 377 2083; x_wconf 88' lang='grc' dir='ltr'><strong><em>τόσας,</em></strong></span> <span class='ocrx_word' id='word_1_155' title='bbox 395 2005 428 2068; x_wconf 79' lang='grc' dir='ltr'><strong>έν</strong></span> <span class='ocrx_word' id='word_1_156' title='bbox 441 1999 539 2093; x_wconf 75' lang='grc' dir='ltr'><strong><em>ἡμέρη</em></strong></span> <span class='ocrx_word' id='word_1_157' title='bbox 553 2004 604 2068; x_wconf 83' lang='grc' dir='ltr'><strong>καλ</strong></span> <span class='ocrx_word' id='word_1_158' title='bbox 623 2004 784 2066; x_wconf 80' lang='grc' dir='ltr'><strong><em>ῗνδικτιῶνι</em></strong></span> <span class='ocrx_word' id='word_1_159' title='bbox 796 2004 883 2088; x_wconf 79' lang='grc' dir='ltr'><strong><em>τῇδε,</em></strong></span> <span class='ocrx_word' id='word_1_160' title='bbox 902 2003 990 2066; x_wconf 71' lang='lat' dir='ltr'><strong>rodda</strong></span> <span class='ocrx_word' id='word_1_161' title='bbox 1003 2009 1058 2067; x_wconf 77' lang='lat' dir='ltr'><strong>coi</strong></span> <span class='ocrx_word' id='word_1_162' title='bbox 1071 1998 1183 2075; x_wconf 66' lang='lat' dir='ltr'><strong>i&#39;cooc?</strong></span> 
     </span>
    </p>

    <p class='ocr_par' dir='ltr' id='par_1_6' title="bbox 140 2100 1301 2398">
     <span class='ocr_line' id='line_1_18' title="bbox 239 2100 1301 2195; baseline -0.004 -24"><span class='ocrx_word' id='word_1_163' title='bbox 239 2102 282 2171; x_wconf 75' lang='lat'><strong>“0</strong></span> <span class='ocrx_word' id='word_1_164' title='bbox 292 2107 325 2171; x_wconf 83' lang='grc' dir='ltr'><strong>δέ</strong></span> <span class='ocrx_word' id='word_1_165' title='bbox 337 2103 528 2195; x_wconf 86' lang='grc' dir='ltr'><strong><em>προτάσσων,</em></strong></span> <span class='ocrx_word' id='word_1_166' title='bbox 547 2105 632 2171; x_wconf 78' lang='grc' dir='ltr'><strong><em>τοῦτ’</em></strong></span> <span class='ocrx_word' id='word_1_167' title='bbox 649 2100 828 2173; x_wconf 76' lang='grc' dir='ltr'><strong><em>αύτδπάλιν</em></strong></span> <span class='ocrx_word' id='word_1_168' title='bbox 840 2103 1238 2188; x_wconf 78' lang='grc' dir='ltr'><strong><em>καλμετάτὴντῆςπέστεως</em></strong></span> <span class='ocrx_word' id='word_1_169' title='bbox 1299 2183 1301 2194; x_wconf 40' lang='grc' dir='ltr'>Ι</span> 
     </span>
     <span class='ocr_line' id='line_1_19' title="bbox 141 2204 1235 2295; baseline -0.004 -22"><span class='ocrx_word' id='word_1_170' title='bbox 141 2205 264 2279; x_wconf 65' lang='lat' dir='ltr'><strong>{indecor</strong></span> <span class='ocrx_word' id='word_1_171' title='bbox 278 2205 460 2276; x_wconf 84' lang='grc' dir='ltr'><strong><em>ύποτάσσων</em></strong></span> <span class='ocrx_word' id='word_1_172' title='bbox 475 2204 586 2295; x_wconf 79' lang='grc' dir='ltr'><strong><em>γράφει</em></strong></span> <span class='ocrx_word' id='word_1_173' title='bbox 589 2256 604 2288; x_wconf 81' lang='grc'><strong>,,</strong></span> <span class='ocrx_word' id='word_1_174' title='bbox 631 2206 724 2292; x_wconf 70' lang='grc' dir='ltr'><strong><em>ἤγουν</em></strong></span> <span class='ocrx_word' id='word_1_175' title='bbox 738 2205 774 2276; x_wconf 75' lang='lat' dir='ltr'><strong>cd</strong></span> <span class='ocrx_word' id='word_1_176' title='bbox 791 2204 807 2273; x_wconf 87' lang='grc' dir='ltr'><strong><em>δ</em></strong></span> <span class='ocrx_word' id='word_1_177' title='bbox 825 2209 906 2272; x_wconf 77' lang='grc' dir='ltr'><strong><em>δεῖνα</em></strong></span> <span class='ocrx_word' id='word_1_178' title='bbox 921 2208 952 2272; x_wconf 76' lang='grc' dir='ltr'><strong>ἓν</strong></span> <span class='ocrx_word' id='word_1_179' title='bbox 968 2211 1096 2294; x_wconf 77' lang='grc' dir='ltr'><strong><em>Χριστῷ</em></strong></span> <span class='ocrx_word' id='word_1_180' title='bbox 1111 2210 1155 2293; x_wconf 76' lang='grc' dir='ltr'><strong>τῷ</strong></span> <span class='ocrx_word' id='word_1_181' title='bbox 1170 2211 1235 2294; x_wconf 70' lang='grc' dir='ltr'><strong>θεῷ</strong></span> 
     </span>
     <span class='ocr_line' id='line_1_20' title="bbox 140 2306 1236 2398; baseline -0.001 -24"><span class='ocrx_word' id='word_1_182' title='bbox 140 2309 249 2388; x_wconf 82' lang='grc' dir='ltr'><strong><em>πιστός</em></strong></span> <span class='ocrx_word' id='word_1_183' title='bbox 259 2312 403 2394; x_wconf 75' lang='grc' dir='ltr'><strong><em>βασιλεύς</em></strong></span> <span class='ocrx_word' id='word_1_184' title='bbox 417 2315 467 2376; x_wconf 79' lang='grc' dir='ltr'><strong>καὶ</strong></span> <span class='ocrx_word' id='word_1_185' title='bbox 482 2308 679 2398; x_wconf 72' lang='grc' dir='ltr'><strong><em>αὐτοκράτωρ</em></strong></span> <span class='ocrx_word' id='word_1_186' title='bbox 692 2307 858 2394; x_wconf 73' lang='grc' dir='ltr'><strong><em>Ῥωμαίων,</em></strong></span> <span class='ocrx_word' id='word_1_187' title='bbox 881 2308 901 2393; x_wconf 78' lang='grc' dir='ltr'><strong><em>ἢ</em></strong></span> <span class='ocrx_word' id='word_1_188' title='bbox 914 2309 1058 2394; x_wconf 76' lang='grc' dir='ltr'><strong><em>βασιλεὺς</em></strong></span> <span class='ocrx_word' id='word_1_189' title='bbox 1067 2306 1236 2389; x_wconf 83' lang='grc' dir='ltr'><strong><em>Ῥωμαίων,</em></strong></span> 
     </span>
    </p>

    <p class='ocr_par' dir='ltr' id='par_1_7' title="bbox 104 2406 1235 2610">
     <span class='ocr_line' id='line_1_21' title="bbox 104 2406 1235 2505; baseline -0.007 -23"><span class='ocrx_word' id='word_1_190' title='bbox 104 2416 238 2505; x_wconf 74' lang='grc' dir='ltr'><strong><em>λθοῗκεέηι</em></strong></span> <span class='ocrx_word' id='word_1_191' title='bbox 253 2416 333 2500; x_wconf 75' lang='grc' dir='ltr'><strong><em>χειρὶ</em></strong></span> <span class='ocrx_word' id='word_1_192' title='bbox 353 2411 511 2494; x_wconf 74' lang='grc' dir='ltr'><strong><em>ὑποτάξας·</em></strong></span> <span class='ocrx_word' id='word_1_193' title='bbox 525 2417 719 2501; x_wconf 82' lang='grc' dir='ltr'><strong><em>παραδίδωμι</em></strong></span> <span class='ocrx_word' id='word_1_194' title='bbox 734 2420 778 2502; x_wconf 79' lang='grc' dir='ltr'><strong>τῷ</strong></span> <span class='ocrx_word' id='word_1_195' title='bbox 792 2411 1010 2502; x_wconf 79' lang='grc' dir='ltr'><strong><em>παναγιωτάτῳ</em></strong></span> <span class='ocrx_word' id='word_1_196' title='bbox 1024 2436 1085 2495; x_wconf 88' lang='grc' dir='ltr'><strong>μου</strong></span> <span class='ocrx_word' id='word_1_197' title='bbox 1103 2406 1235 2497; x_wconf 77' lang='grc' dir='ltr'><strong><em>δεσπότῃ</em></strong></span> 
     </span>
     <span class='ocr_line' id='line_1_22' title="bbox 140 2513 1234 2610; baseline -0.005 -29"><span class='ocrx_word' id='word_1_198' title='bbox 140 2519 194 2582; x_wconf 79' lang='grc' dir='ltr'><strong>καὶ</strong></span> <span class='ocrx_word' id='word_1_199' title='bbox 216 2519 411 2609; x_wconf 77' lang='grc' dir='ltr'><strong><em>οδκουμενικῷ</em></strong></span> <span class='ocrx_word' id='word_1_200' title='bbox 431 2513 603 2610; x_wconf 81' lang='grc' dir='ltr'><strong><em>πατριάρχη</em></strong></span> <span class='ocrx_word' id='word_1_201' title='bbox 623 2522 706 2608; x_wconf 79' lang='grc' dir='ltr'><strong><em>κυρῷ</em></strong></span> <span class='ocrx_word' id='word_1_202' title='bbox 725 2560 790 2583; x_wconf 69' lang='grc' dir='ltr'><strong>...ι</strong></span> <span class='ocrx_word' id='word_1_203' title='bbox 812 2519 862 2582; x_wconf 79' lang='grc' dir='ltr'><strong>καὶ</strong></span> <span class='ocrx_word' id='word_1_204' title='bbox 886 2514 955 2599; x_wconf 78' lang='grc' dir='ltr'><strong><em>μετ’</em></strong></span> <span class='ocrx_word' id='word_1_205' title='bbox 974 2514 1068 2582; x_wconf 77' lang='grc' dir='ltr'><strong><em>αὐτού</em></strong></span> <span class='ocrx_word' id='word_1_206' title='bbox 1087 2513 1160 2605; x_wconf 75' lang='grc' dir='ltr'><strong><em>θεέρ</em></strong></span> <span class='ocrx_word' id='word_1_207' title='bbox 1182 2515 1234 2577; x_wconf 80' lang='grc' dir='ltr'><strong>καὶ</strong></span> 
     </span>
    </p>

    <p class='ocr_par' dir='ltr' id='par_1_8' title="bbox 140 2618 1232 2850">
     <span class='ocr_line' id='line_1_23' title="bbox 140 2618 348 2714; baseline 0.029 -33"><span class='ocrx_word' id='word_1_208' title='bbox 140 2618 348 2714; x_wconf 76' lang='grc' dir='ltr'><strong><em>ἱερᾷσυνόδρ.</em></strong></span> 
     </span>
     <span class='ocr_line' id='line_1_24' title="bbox 207 2771 1232 2850; baseline -0.007 -15"><span class='ocrx_word' id='word_1_209' title='bbox 207 2781 226 2835; x_wconf 82' lang='lat'>4</span> <span class='ocrx_word' id='word_1_210' title='bbox 240 2777 392 2850; x_wconf 77' lang='grc' dir='ltr'><strong><em>άριύτατοι</em></strong></span> <span class='ocrx_word' id='word_1_211' title='bbox 404 2779 452 2834; x_wconf 86' lang='grc' dir='ltr'><strong>καλ</strong></span> <span class='ocrx_word' id='word_1_212' title='bbox 467 2777 614 2835; x_wconf 73' lang='grc' dir='ltr'><strong><em>θειότατον</em></strong></span> <span class='ocrx_word' id='word_1_213' title='bbox 628 2796 659 2834; x_wconf 83' lang='grc' dir='ltr'><strong><em>π.</em></strong></span> <span class='ocrx_word' id='word_1_214' title='bbox 673 2779 698 2835; x_wconf 78' lang='lat' dir='ltr'>A</span> <span class='ocrx_word' id='word_1_215' title='bbox 764 2779 785 2834; x_wconf 76' lang='lat'>5</span> <span class='ocrx_word' id='word_1_216' title='bbox 799 2777 942 2848; x_wconf 76' lang='grc' dir='ltr'><strong><em>διηνεκῶς]</em></strong></span> <span class='ocrx_word' id='word_1_217' title='bbox 953 2776 1061 2834; x_wconf 79' lang='lat' dir='ltr'><strong>additA</strong></span> <span class='ocrx_word' id='word_1_218' title='bbox 1078 2775 1126 2830; x_wconf 83' lang='grc' dir='ltr'><strong>καλ</strong></span> <span class='ocrx_word' id='word_1_219' title='bbox 1138 2771 1232 2830; x_wconf 74' lang='lat' dir='ltr'><strong>oisemo-</strong></span> 
     </span>
    </p>
   </div>
   <div class='ocr_carea' id='block_1_3' title="bbox 205 2839 1232 2990">
    <p class='ocr_par' dir='ltr' id='par_1_9' title="bbox 205 2839 1232 2990">
     <span class='ocr_line' id='line_1_25' title="bbox 207 2839 1232 2920; baseline -0.005 -18"><span class='ocrx_word' id='word_1_220' title='bbox 207 2847 316 2916; x_wconf 76' lang='grc' dir='ltr'><strong><em>λήπτως</em></strong></span> <span class='ocrx_word' id='word_1_221' title='bbox 382 2847 463 2904; x_wconf 86' lang='grc' dir='ltr'><strong><em>9καλ</em></strong></span> <span class='ocrx_word' id='word_1_222' title='bbox 478 2858 540 2920; x_wconf 84' lang='lat' dir='ltr'><strong>post</strong></span> <span class='ocrx_word' id='word_1_223' title='bbox 555 2847 652 2918; x_wconf 81' lang='grc' dir='ltr'><strong><em>φόνων</em></strong></span> <span class='ocrx_word' id='word_1_224' title='bbox 670 2848 750 2904; x_wconf 83' lang='grc' dir='ltr'><strong><em>οιαΒ</em></strong></span> <span class='ocrx_word' id='word_1_225' title='bbox 819 2845 950 2910; x_wconf 84' lang='grc' dir='ltr'><strong><em>αύτοῖςΒ</em></strong></span> <span class='ocrx_word' id='word_1_226' title='bbox 1021 2839 1232 2914; x_wconf 53' lang='lat' dir='ltr'><strong>minuente</strong></span> 
     </span>
     <span class='ocr_line' id='line_1_26' title="bbox 205 2912 1232 2990; baseline -0.005 -18"><span class='ocrx_word' id='word_1_227' title='bbox 205 2915 389 2990; x_wconf 74' lang='lat' dir='ltr'><strong>‘Popoetode</strong></span> <span class='ocrx_word' id='word_1_228' title='bbox 408 2927 469 2975; x_wconf 79' lang='lat' dir='ltr'><strong>ante</strong></span> <span class='ocrx_word' id='word_1_229' title='bbox 485 2921 603 2974; x_wconf 75' lang='lat' dir='ltr'><strong>hennam</strong></span> <span class='ocrx_word' id='word_1_230' title='bbox 618 2918 716 2978; x_wconf 85' lang='lat' dir='ltr'><strong>nomini</strong></span> <span class='ocrx_word' id='word_1_231' title='bbox 733 2917 900 2989; x_wconf 82' lang='lat' dir='ltr'><strong>imperatorio</strong></span> <span class='ocrx_word' id='word_1_232' title='bbox 916 2913 1067 2986; x_wconf 85' lang='lat' dir='ltr'><strong>recipiendo</strong></span> <span class='ocrx_word' id='word_1_233' title='bbox 1081 2912 1126 2968; x_wconf 80' lang='lat' dir='ltr'><strong>AB</strong></span> <span class='ocrx_word' id='word_1_234' title='bbox 1230 2917 1232 2922; x_wconf 82' lang='grc'>’</span> 
     </span>
    </p>
   </div>
   <div class='ocr_carea' id='block_1_4' title="bbox 29 3049 1228 4372">
    <p class='ocr_par' dir='ltr' id='par_1_10' title="bbox 29 3049 1228 4021">
     <span class='ocr_line' id='line_1_27' title="bbox 136 3049 1227 3127; baseline -0.005 -18"><span class='ocrx_word' id='word_1_235' title='bbox 136 3064 207 3127; x_wconf 91' lang='lat' dir='ltr'><strong>ptem</strong></span> <span class='ocrx_word' id='word_1_236' title='bbox 226 3055 447 3110; x_wconf 80' lang='lat' dir='ltr'><strong>oecumenicarum</strong></span> <span class='ocrx_word' id='word_1_237' title='bbox 463 3057 638 3126; x_wconf 81' lang='lat' dir='ltr'><strong>synodorum,</strong></span> <span class='ocrx_word' id='word_1_238' title='bbox 662 3062 691 3111; x_wconf 92' lang='lat' dir='ltr'><strong>et</strong></span> <span class='ocrx_word' id='word_1_239' title='bbox 705 3056 841 3122; x_wconf 78' lang='lat' dir='ltr'><strong>localium,</strong></span> <span class='ocrx_word' id='word_1_240' title='bbox 867 3069 935 3122; x_wconf 88' lang='lat' dir='ltr'><strong>qnae</strong></span> <span class='ocrx_word' id='word_1_241' title='bbox 956 3056 1075 3121; x_wconf 87' lang='lat' dir='ltr'><strong>tempore</strong></span> <span class='ocrx_word' id='word_1_242' title='bbox 1092 3065 1139 3104; x_wconf 89' lang='lat' dir='ltr'><strong>suo</strong></span> <span class='ocrx_word' id='word_1_243' title='bbox 1157 3049 1227 3103; x_wconf 84' lang='lat' dir='ltr'><strong>celo-</strong></span> 
     </span>
     <span class='ocr_line' id='line_1_28' title="bbox 135 3119 1227 3197; baseline -0.008 -18"><span class='ocrx_word' id='word_1_244' title='bbox 135 3129 229 3179; x_wconf 83' lang='lat' dir='ltr'><strong>bratae</strong></span> <span class='ocrx_word' id='word_1_245' title='bbox 242 3138 318 3190; x_wconf 84' lang='lat' dir='ltr'><strong>snnt3</strong></span> <span class='ocrx_word' id='word_1_246' title='bbox 334 3125 445 3180; x_wconf 83' lang='lat' dir='ltr'><strong>adhaec</strong></span> <span class='ocrx_word' id='word_1_247' title='bbox 461 3125 540 3179; x_wconf 82' lang='lat' dir='ltr'><strong>etiam</strong></span> <span class='ocrx_word' id='word_1_248' title='bbox 556 3126 697 3197; x_wconf 78' lang='lat' dir='ltr'><strong>privilegia</strong></span> <span class='ocrx_word' id='word_1_249' title='bbox 713 3133 741 3179; x_wconf 90' lang='lat' dir='ltr'><strong>et</strong></span> <span class='ocrx_word' id='word_1_250' title='bbox 756 3121 957 3178; x_wconf 86' lang='lat' dir='ltr'><strong>consuetudines</strong></span> <span class='ocrx_word' id='word_1_251' title='bbox 975 3119 1156 3173; x_wconf 86' lang='lat' dir='ltr'><strong>sanctissimae</strong></span> <span class='ocrx_word' id='word_1_252' title='bbox 1172 3131 1227 3171; x_wconf 85' lang='lat' dir='ltr'><strong>ma·</strong></span> 
     </span>
     <span class='ocr_line' id='line_1_29' title="bbox 135 3190 1228 3266; baseline -0.005 -19"><span class='ocrx_word' id='word_1_253' title='bbox 135 3212 204 3264; x_wconf 77' lang='lat' dir='ltr'><strong>gnae</strong></span> <span class='ocrx_word' id='word_1_254' title='bbox 220 3195 263 3248; x_wconf 87' lang='lat' dir='ltr'><strong>dei</strong></span> <span class='ocrx_word' id='word_1_255' title='bbox 281 3193 417 3255; x_wconf 78' lang='lat' dir='ltr'><strong>ecclesiae.</strong></span> <span class='ocrx_word' id='word_1_256' title='bbox 457 3201 596 3266; x_wconf 87' lang='lat' dir='ltr'><strong>praeterea</strong></span> <span class='ocrx_word' id='word_1_257' title='bbox 618 3195 743 3248; x_wconf 85' lang='lat' dir='ltr'><strong>confirmo</strong></span> <span class='ocrx_word' id='word_1_258' title='bbox 765 3201 793 3246; x_wconf 90' lang='lat' dir='ltr'><strong>et</strong></span> <span class='ocrx_word' id='word_1_259' title='bbox 817 3190 959 3261; x_wconf 86' lang='lat' dir='ltr'><strong>amplector</strong></span> <span class='ocrx_word' id='word_1_260' title='bbox 979 3205 1150 3258; x_wconf 86' lang='lat' dir='ltr'><strong>quaecunque</strong></span> <span class='ocrx_word' id='word_1_261' title='bbox 1171 3193 1228 3242; x_wconf 86' lang='lat' dir='ltr'><strong>sta-</strong></span> 
     </span>
     <span class='ocr_line' id='line_1_30' title="bbox 135 3258 1226 3330; baseline -0.008 -13"><span class='ocrx_word' id='word_1_262' title='bbox 135 3271 242 3317; x_wconf 87' lang='lat' dir='ltr'><strong>tnernnt</strong></span> <span class='ocrx_word' id='word_1_263' title='bbox 261 3271 288 3316; x_wconf 90' lang='lat' dir='ltr'><strong>et</strong></span> <span class='ocrx_word' id='word_1_264' title='bbox 304 3262 462 3318; x_wconf 88' lang='lat' dir='ltr'><strong>definierunt</strong></span> <span class='ocrx_word' id='word_1_265' title='bbox 477 3264 590 3318; x_wconf 86' lang='lat' dir='ltr'><strong>diversis</strong></span> <span class='ocrx_word' id='word_1_266' title='bbox 605 3265 672 3318; x_wconf 87' lang='lat' dir='ltr'><strong>locis</strong></span> <span class='ocrx_word' id='word_1_267' title='bbox 685 3261 843 3317; x_wconf 77' lang='lat' dir='ltr'><strong>sanctissimi</strong></span> <span class='ocrx_word' id='word_1_268' title='bbox 861 3266 948 3330; x_wconf 87' lang='lat' dir='ltr'><strong>patres</strong></span> <span class='ocrx_word' id='word_1_269' title='bbox 965 3258 1048 3312; x_wconf 84' lang='lat' dir='ltr'><strong>nostri</strong></span> <span class='ocrx_word' id='word_1_270' title='bbox 1065 3267 1152 3325; x_wconf 88' lang='lat' dir='ltr'><strong>recte,</strong></span> <span class='ocrx_word' id='word_1_271' title='bbox 1181 3273 1226 3309; x_wconf 87' lang='lat' dir='ltr'><strong>ca-</strong></span> 
     </span>
     <span class='ocr_line' id='line_1_31' title="bbox 133 3325 1227 3404; baseline -0.007 -19"><span class='ocrx_word' id='word_1_272' title='bbox 133 3332 229 3386; x_wconf 84' lang='lat' dir='ltr'><strong>nonice</strong></span> <span class='ocrx_word' id='word_1_273' title='bbox 252 3339 280 3386; x_wconf 92' lang='lat' dir='ltr'><strong>et</strong></span> <span class='ocrx_word' id='word_1_274' title='bbox 302 3332 445 3402; x_wconf 86' lang='lat' dir='ltr'><strong>inculpate.</strong></span> <span class='ocrx_word' id='word_1_275' title='bbox 481 3333 601 3386; x_wconf 85' lang='lat' dir='ltr'><strong>similiter</strong></span> <span class='ocrx_word' id='word_1_276' title='bbox 617 3334 740 3404; x_wconf 80' lang='lat' dir='ltr'><strong>promitto</strong></span> <span class='ocrx_word' id='word_1_277' title='bbox 757 3349 799 3387; x_wconf 89' lang='lat' dir='ltr'><strong>me</strong></span> <span class='ocrx_word' id='word_1_278' title='bbox 816 3335 942 3400; x_wconf 88' lang='lat' dir='ltr'><strong>perpetuo</strong></span> <span class='ocrx_word' id='word_1_279' title='bbox 959 3345 1106 3380; x_wconf 84' lang='lat' dir='ltr'><strong>mansarum</strong></span> <span class='ocrx_word' id='word_1_280' title='bbox 1122 3325 1227 3378; x_wconf 83' lang='lat' dir='ltr'><strong>fidelem</strong></span> 
     </span>
     <span class='ocr_line' id='line_1_32' title="bbox 133 3395 1225 3470; baseline -0.006 -17"><span class='ocrx_word' id='word_1_281' title='bbox 133 3419 238 3457; x_wconf 83' lang='lat' dir='ltr'><strong>servam</strong></span> <span class='ocrx_word' id='word_1_282' title='bbox 249 3407 277 3454; x_wconf 89' lang='lat' dir='ltr'><strong>et</strong></span> <span class='ocrx_word' id='word_1_283' title='bbox 286 3402 426 3470; x_wconf 83' lang='lat' dir='ltr'><strong>genuinum</strong></span> <span class='ocrx_word' id='word_1_284' title='bbox 441 3401 522 3455; x_wconf 85' lang='lat' dir='ltr'><strong>filium</strong></span> <span class='ocrx_word' id='word_1_285' title='bbox 538 3409 646 3456; x_wconf 84' lang='lat' dir='ltr'><strong>sanctae</strong></span> <span class='ocrx_word' id='word_1_286' title='bbox 662 3400 804 3464; x_wconf 75' lang='lat' dir='ltr'><strong>ecclesice3</strong></span> <span class='ocrx_word' id='word_1_287' title='bbox 821 3399 932 3451; x_wconf 83' lang='lat' dir='ltr'><strong>adhaec</strong></span> <span class='ocrx_word' id='word_1_288' title='bbox 949 3398 1112 3451; x_wconf 82' lang='lat' dir='ltr'><strong>defensorem</strong></span> <span class='ocrx_word' id='word_1_289' title='bbox 1126 3403 1153 3448; x_wconf 91' lang='lat' dir='ltr'><strong>et</strong></span> <span class='ocrx_word' id='word_1_290' title='bbox 1165 3395 1225 3448; x_wconf 86' lang='lat' dir='ltr'><strong>vin-</strong></span> 
     </span>
     <span class='ocr_line' id='line_1_33' title="bbox 133 3465 1225 3542; baseline -0.007 -19"><span class='ocrx_word' id='word_1_291' title='bbox 133 3471 218 3524; x_wconf 89' lang='lat' dir='ltr'><strong>dicem</strong></span> <span class='ocrx_word' id='word_1_292' title='bbox 235 3471 300 3539; x_wconf 90' lang='lat' dir='ltr'><strong>eins,</strong></span> <span class='ocrx_word' id='word_1_293' title='bbox 318 3471 468 3524; x_wconf 83' lang='lat' dir='ltr'><strong>clementem</strong></span> <span class='ocrx_word' id='word_1_294' title='bbox 483 3471 592 3542; x_wconf 88' lang='lat' dir='ltr'><strong>insuper</strong></span> <span class='ocrx_word' id='word_1_295' title='bbox 606 3472 721 3524; x_wconf 82' lang='lat' dir='ltr'><strong>futurum</strong></span> <span class='ocrx_word' id='word_1_296' title='bbox 738 3477 767 3522; x_wconf 91' lang='lat' dir='ltr'><strong>et</strong></span> <span class='ocrx_word' id='word_1_297' title='bbox 783 3469 917 3521; x_wconf 82' lang='lat' dir='ltr'><strong>humanum</strong></span> <span class='ocrx_word' id='word_1_298' title='bbox 936 3484 1000 3535; x_wconf 85' lang='lat' dir='ltr'><strong>erga</strong></span> <span class='ocrx_word' id='word_1_299' title='bbox 1013 3465 1141 3530; x_wconf 86' lang='lat' dir='ltr'><strong>subditos,</strong></span> <span class='ocrx_word' id='word_1_300' title='bbox 1158 3481 1225 3534; x_wconf 85' lang='lat' dir='ltr'><strong>qna-</strong></span> 
     </span>
     <span class='ocr_line' id='line_1_34' title="bbox 131 3533 1226 3623; baseline -0.008 -30"><span class='ocrx_word' id='word_1_301' title='bbox 131 3548 208 3593; x_wconf 85' lang='lat' dir='ltr'><strong>tenus</strong></span> <span class='ocrx_word' id='word_1_302' title='bbox 223 3539 351 3623; x_wconf 25' lang='lat' dir='ltr'><strong>&#39;aequitas</strong></span> <span class='ocrx_word' id='word_1_303' title='bbox 376 3546 404 3594; x_wconf 89' lang='lat' dir='ltr'><strong>et</strong></span> <span class='ocrx_word' id='word_1_304' title='bbox 424 3539 546 3594; x_wconf 86' lang='lat' dir='ltr'><strong>decentia</strong></span> <span class='ocrx_word' id='word_1_305' title='bbox 567 3539 595 3594; x_wconf 91' lang='lat' dir='ltr'><strong>id</strong></span> <span class='ocrx_word' id='word_1_306' title='bbox 618 3540 714 3594; x_wconf 88' lang='lat' dir='ltr'><strong>sinent.</strong></span> <span class='ocrx_word' id='word_1_307' title='bbox 750 3537 887 3592; x_wconf 75' lang='lat' dir='ltr'>abstinebo</span> <span class='ocrx_word' id='word_1_308' title='bbox 912 3535 991 3588; x_wconf 83' lang='lat' dir='ltr'><strong>etiam</strong></span> <span class='ocrx_word' id='word_1_309' title='bbox 1015 3552 1031 3587; x_wconf 85' lang='lat' dir='ltr'><strong>a</strong></span> <span class='ocrx_word' id='word_1_310' title='bbox 1055 3533 1180 3586; x_wconf 86' lang='lat' dir='ltr'><strong>caedibus</strong></span> <span class='ocrx_word' id='word_1_311' title='bbox 1199 3540 1226 3585; x_wconf 90' lang='lat' dir='ltr'><strong>et</strong></span> 
     </span>
     <span class='ocr_line' id='line_1_35' title="bbox 131 3601 1225 3679; baseline -0.008 -17"><span class='ocrx_word' id='word_1_312' title='bbox 131 3609 337 3664; x_wconf 82' lang='lat' dir='ltr'><strong>mutilatioorhus</strong></span> <span class='ocrx_word' id='word_1_313' title='bbox 354 3613 382 3662; x_wconf 94' lang='lat' dir='ltr'><strong>et</strong></span> <span class='ocrx_word' id='word_1_314' title='bbox 396 3607 424 3662; x_wconf 92' lang='lat' dir='ltr'><strong>id</strong></span> <span class='ocrx_word' id='word_1_315' title='bbox 443 3626 525 3678; x_wconf 79' lang='lat' dir='ltr'><strong>genus</strong></span> <span class='ocrx_word' id='word_1_316' title='bbox 542 3607 610 3679; x_wconf 85' lang='lat' dir='ltr'><strong>aliis,</strong></span> <span class='ocrx_word' id='word_1_317' title='bbox 627 3615 752 3679; x_wconf 87' lang='lat' dir='ltr'><strong>quantum</strong></span> <span class='ocrx_word' id='word_1_318' title='bbox 768 3607 828 3660; x_wconf 87' lang='lat' dir='ltr'><strong>fieri</strong></span> <span class='ocrx_word' id='word_1_319' title='bbox 843 3605 958 3676; x_wconf 82' lang='lat' dir='ltr'><strong>poterit3</strong></span> <span class='ocrx_word' id='word_1_320' title='bbox 982 3619 1135 3670; x_wconf 90' lang='lat' dir='ltr'><strong>omnemque</strong></span> <span class='ocrx_word' id='word_1_321' title='bbox 1152 3601 1225 3654; x_wconf 86' lang='lat' dir='ltr'><strong>veri-</strong></span> 
     </span>
     <span class='ocr_line' id='line_1_36' title="bbox 131 3669 1223 3748; baseline -0.008 -16"><span class='ocrx_word' id='word_1_322' title='bbox 131 3685 210 3732; x_wconf 80' lang='lat' dir='ltr'><strong>tatem</strong></span> <span class='ocrx_word' id='word_1_323' title='bbox 229 3684 257 3731; x_wconf 91' lang='lat' dir='ltr'><strong>et</strong></span> <span class='ocrx_word' id='word_1_324' title='bbox 271 3678 399 3732; x_wconf 86' lang='lat' dir='ltr'><strong>iustitiam</strong></span> <span class='ocrx_word' id='word_1_325' title='bbox 415 3695 526 3747; x_wconf 80' lang='lat' dir='ltr'><strong>sequar3</strong></span> <span class='ocrx_word' id='word_1_326' title='bbox 551 3685 579 3732; x_wconf 87' lang='lat' dir='ltr'><strong>et</strong></span> <span class='ocrx_word' id='word_1_327' title='bbox 601 3693 772 3748; x_wconf 81' lang='lat' dir='ltr'><strong>quaecunque</strong></span> <span class='ocrx_word' id='word_1_328' title='bbox 787 3676 959 3745; x_wconf 79' lang='lat' dir='ltr'><strong>repudiarunt</strong></span> <span class='ocrx_word' id='word_1_329' title='bbox 974 3680 1002 3727; x_wconf 89' lang='lat' dir='ltr'><strong>et</strong></span> <span class='ocrx_word' id='word_1_330' title='bbox 1019 3669 1223 3724; x_wconf 82' lang='lat' dir='ltr'><strong>anathematiza-</strong></span> 
     </span>
     <span class='ocr_line' id='line_1_37' title="bbox 29 3738 1225 3817; baseline -0.012 -12"><span class='ocrx_word' id='word_1_331' title='bbox 29 3766 30 3805; x_wconf 73' lang='lat'><em>]</em></span> <span class='ocrx_word' id='word_1_332' title='bbox 132 3753 192 3801; x_wconf 87' lang='lat' dir='ltr'><strong>runt</strong></span> <span class='ocrx_word' id='word_1_333' title='bbox 207 3748 296 3800; x_wconf 88' lang='lat' dir='ltr'><strong>sancti</strong></span> <span class='ocrx_word' id='word_1_334' title='bbox 309 3755 408 3817; x_wconf 83' lang='lat' dir='ltr'><strong>patres,</strong></span> <span class='ocrx_word' id='word_1_335' title='bbox 425 3746 435 3798; x_wconf 90' lang='lat' dir='ltr'><strong>i</strong></span> <span class='ocrx_word' id='word_1_336' title='bbox 456 3765 485 3801; x_wconf 91' lang='lat' dir='ltr'><strong>se</strong></span> <span class='ocrx_word' id='word_1_337' title='bbox 501 3747 579 3801; x_wconf 83' lang='lat' dir='ltr'><strong>etiam</strong></span> <span class='ocrx_word' id='word_1_338' title='bbox 594 3748 706 3817; x_wconf 86' lang='lat' dir='ltr'><strong>repudio</strong></span> <span class='ocrx_word' id='word_1_339' title='bbox 721 3752 749 3801; x_wconf 92' lang='lat' dir='ltr'><strong>et</strong></span> <span class='ocrx_word' id='word_1_340' title='bbox 765 3743 965 3812; x_wconf 81' lang='lat' dir='ltr'><strong>anathematizo,</strong></span> <span class='ocrx_word' id='word_1_341' title='bbox 982 3745 1010 3796; x_wconf 86' lang='lat' dir='ltr'><strong>et</strong></span> <span class='ocrx_word' id='word_1_342' title='bbox 1022 3738 1153 3793; x_wconf 84' lang='lat' dir='ltr'><strong>assentior</strong></span> <span class='ocrx_word' id='word_1_343' title='bbox 1168 3746 1225 3792; x_wconf 87' lang='lat' dir='ltr'><strong>tota</strong></span> 
     </span>
     <span class='ocr_line' id='line_1_38' title="bbox 29 3765 1225 3888; baseline -0.007 -19"><span class='ocrx_word' id='word_1_344' title='bbox 29 3836 30 3859; x_wconf 78' lang='lat'>1</span> <span class='ocrx_word' id='word_1_345' title='bbox 132 3825 217 3869; x_wconf 90' lang='lat' dir='ltr'><strong>mente</strong></span> <span class='ocrx_word' id='word_1_346' title='bbox 234 3817 320 3870; x_wconf 88' lang='lat' dir='ltr'><strong>anima</strong></span> <span class='ocrx_word' id='word_1_347' title='bbox 337 3822 365 3870; x_wconf 87' lang='lat' dir='ltr'><strong>et</strong></span> <span class='ocrx_word' id='word_1_348' title='bbox 381 3765 462 3868; x_wconf 72' lang='lat' dir='ltr'><strong>corde</strong></span> <span class='ocrx_word' id='word_1_349' title='bbox 477 3833 534 3868; x_wconf 91' lang='lat' dir='ltr'><strong>meo</strong></span> <span class='ocrx_word' id='word_1_350' title='bbox 550 3817 702 3888; x_wconf 71' lang='lat' dir='ltr'><strong>supradicto</strong></span> <span class='ocrx_word' id='word_1_351' title='bbox 724 3822 816 3870; x_wconf 85' lang='lat' dir='ltr'><strong>sancto</strong></span> <span class='ocrx_word' id='word_1_352' title='bbox 833 3811 960 3880; x_wconf 78' lang='lat' dir='ltr'><strong>symbolo.</strong></span> <span class='ocrx_word' id='word_1_353' title='bbox 995 3811 1061 3862; x_wconf 87' lang='lat' dir='ltr'><strong>haec</strong></span> <span class='ocrx_word' id='word_1_354' title='bbox 1078 3807 1164 3862; x_wconf 87' lang='lat' dir='ltr'><strong>omnia</strong></span> <span class='ocrx_word' id='word_1_355' title='bbox 1184 3825 1225 3861; x_wconf 87' lang='lat' dir='ltr'><strong>me</strong></span> 
     </span>
     <span class='ocr_line' id='line_1_39' title="bbox 132 3873 1224 3954; baseline -0.008 -16"><span class='ocrx_word' id='word_1_356' title='bbox 132 3885 319 3938; x_wconf 82' lang='lat' dir='ltr'><strong>custoditurum</strong></span> <span class='ocrx_word' id='word_1_357' title='bbox 342 3885 467 3954; x_wconf 85' lang='lat' dir='ltr'><strong>promitto</strong></span> <span class='ocrx_word' id='word_1_358' title='bbox 492 3902 579 3938; x_wconf 87' lang='lat' dir='ltr'><strong>coram</strong></span> <span class='ocrx_word' id='word_1_359' title='bbox 595 3896 686 3942; x_wconf 68' lang='lat' dir='ltr'><strong>sanem</strong></span> <span class='ocrx_word' id='word_1_360' title='bbox 702 3884 747 3939; x_wconf 87' lang='lat' dir='ltr'><strong>dei</strong></span> <span class='ocrx_word' id='word_1_361' title='bbox 762 3882 891 3945; x_wconf 84' lang='lat' dir='ltr'><strong>catholica</strong></span> <span class='ocrx_word' id='word_1_362' title='bbox 910 3873 1049 3935; x_wconf 84' lang='lat' dir='ltr'><strong>ecclesia.”</strong></span> <span class='ocrx_word' id='word_1_363' title='bbox 1082 3894 1171 3932; x_wconf 88' lang='lat' dir='ltr'><strong>mense</strong></span> <span class='ocrx_word' id='word_1_364' title='bbox 1186 3877 1224 3945; x_wconf 89' lang='lat' dir='ltr'><strong>N,</strong></span> 
     </span>
     <span class='ocr_line' id='line_1_40' title="bbox 131 3953 570 4021; baseline 0.002 -15"><span class='ocrx_word' id='word_1_365' title='bbox 131 3953 174 4006; x_wconf 89' lang='lat' dir='ltr'><strong>die</strong></span> <span class='ocrx_word' id='word_1_366' title='bbox 190 3959 218 4008; x_wconf 87' lang='lat' dir='ltr'><strong>et</strong></span> <span class='ocrx_word' id='word_1_367' title='bbox 233 3953 379 4008; x_wconf 84' lang='lat' dir='ltr'><strong>indictione</strong></span> <span class='ocrx_word' id='word_1_368' title='bbox 393 3955 430 4021; x_wconf 91' lang='lat' dir='ltr'><strong>N,</strong></span> <span class='ocrx_word' id='word_1_369' title='bbox 449 3972 516 4008; x_wconf 91' lang='lat' dir='ltr'><strong>anno</strong></span> <span class='ocrx_word' id='word_1_370' title='bbox 533 3955 570 4007; x_wconf 90' lang='lat' dir='ltr'><strong>N.</strong></span> 
     </span>
    </p>

    <p class='ocr_par' dir='ltr' id='par_1_11' title="bbox 130 4011 1221 4372">
     <span class='ocr_line' id='line_1_41' title="bbox 196 4011 1220 4095; baseline -0.013 -19"><span class='ocrx_word' id='word_1_371' title='bbox 196 4025 229 4077; x_wconf 87' lang='lat' dir='ltr'><strong>Id</strong></span> <span class='ocrx_word' id='word_1_372' title='bbox 245 4041 311 4076; x_wconf 85' lang='lat' dir='ltr'><strong>vero</strong></span> <span class='ocrx_word' id='word_1_373' title='bbox 328 4023 399 4092; x_wconf 87' lang='lat' dir='ltr'><strong>qnod</strong></span> <span class='ocrx_word' id='word_1_374' title='bbox 415 4022 491 4077; x_wconf 87' lang='lat' dir='ltr'><strong>initio</strong></span> <span class='ocrx_word' id='word_1_375' title='bbox 507 4022 689 4093; x_wconf 78' lang='lat' dir='ltr'><strong>praescripsit,</strong></span> <span class='ocrx_word' id='word_1_376' title='bbox 706 4037 798 4074; x_wconf 85' lang='lat' dir='ltr'><strong>rursus</strong></span> <span class='ocrx_word' id='word_1_377' title='bbox 814 4021 901 4074; x_wconf 81' lang='lat' dir='ltr'><strong>tactae</strong></span> <span class='ocrx_word' id='word_1_378' title='bbox 914 4017 976 4072; x_wconf 92' lang='lat' dir='ltr'><strong>fidei</strong></span> <span class='ocrx_word' id='word_1_379' title='bbox 988 4011 1147 4086; x_wconf 76' lang='lat' dir='ltr'><strong>professioni</strong></span> <span class='ocrx_word' id='word_1_380' title='bbox 1157 4013 1220 4095; x_wconf 79' lang='lat' dir='ltr'><strong>spb-</strong></span> 
     </span>
     <span class='ocr_line' id='line_1_42' title="bbox 131 4087 1220 4158; baseline -0.008 -16"><span class='ocrx_word' id='word_1_381' title='bbox 131 4090 236 4158; x_wconf 84' lang='lat' dir='ltr'><strong>scribit3</strong></span> <span class='ocrx_word' id='word_1_382' title='bbox 254 4092 319 4146; x_wconf 84' lang='lat' dir='ltr'><strong>illud</strong></span> <span class='ocrx_word' id='word_1_383' title='bbox 334 4091 452 4145; x_wconf 89' lang='lat' dir='ltr'><strong>nimirum</strong></span> <span class='ocrx_word' id='word_1_384' title='bbox 466 4087 521 4145; x_wconf 80' lang='lat' dir='ltr'><strong>“N.</strong></span> <span class='ocrx_word' id='word_1_385' title='bbox 539 4093 567 4146; x_wconf 90' lang='lat' dir='ltr'><strong>in</strong></span> <span class='ocrx_word' id='word_1_386' title='bbox 585 4093 692 4145; x_wconf 80' lang='lat' dir='ltr'><strong>Christo</strong></span> <span class='ocrx_word' id='word_1_387' title='bbox 709 4090 759 4143; x_wconf 87' lang='lat' dir='ltr'><strong>deo</strong></span> <span class='ocrx_word' id='word_1_388' title='bbox 776 4098 866 4144; x_wconf 87' lang='lat' dir='ltr'><strong>nostro</strong></span> <span class='ocrx_word' id='word_1_389' title='bbox 880 4089 967 4142; x_wconf 85' lang='lat' dir='ltr'><strong>fidelis</strong></span> <span class='ocrx_word' id='word_1_390' title='bbox 982 4087 1155 4140; x_wconf 87' lang='lat' dir='ltr'><strong>Romanorum</strong></span> <span class='ocrx_word' id='word_1_391' title='bbox 1171 4099 1220 4134; x_wconf 80' lang='lat' dir='ltr'><strong>rm-</strong></span> 
     </span>
     <span class='ocr_line' id='line_1_43' title="bbox 130 4155 1220 4230; baseline -0.011 -18"><span class='ocrx_word' id='word_1_392' title='bbox 130 4166 250 4229; x_wconf 85' lang='lat' dir='ltr'><strong>perator‚</strong></span> <span class='ocrx_word' id='word_1_393' title='bbox 274 4161 318 4214; x_wconf 82' lang='lat' dir='ltr'><strong>vel</strong></span> <span class='ocrx_word' id='word_1_394' title='bbox 333 4179 381 4215; x_wconf 84' lang='lat' dir='ltr'><strong>rex</strong></span> <span class='ocrx_word' id='word_1_395' title='bbox 396 4163 587 4228; x_wconf 88' lang='lat' dir='ltr'><strong>Romanorum,</strong></span> <span class='ocrx_word' id='word_1_396' title='bbox 608 4160 717 4230; x_wconf 89' lang='lat' dir='ltr'><strong>propria</strong></span> <span class='ocrx_word' id='word_1_397' title='bbox 734 4177 810 4213; x_wconf 88' lang='lat' dir='ltr'><strong>mann</strong></span> <span class='ocrx_word' id='word_1_398' title='bbox 827 4156 984 4227; x_wconf 85' lang='lat' dir='ltr'><strong>subscripsi,</strong></span> <span class='ocrx_word' id='word_1_399' title='bbox 1009 4155 1137 4222; x_wconf 88' lang='lat' dir='ltr'><strong>tradoque</strong></span> <span class='ocrx_word' id='word_1_400' title='bbox 1159 4167 1220 4204; x_wconf 90' lang='lat' dir='ltr'><strong>san-</strong></span> 
     </span>
     <span class='ocr_line' id='line_1_44' title="bbox 131 4225 1221 4300; baseline -0.007 -20"><span class='ocrx_word' id='word_1_401' title='bbox 131 4228 243 4284; x_wconf 82' lang='lat' dir='ltr'><strong>ctissimo</strong></span> <span class='ocrx_word' id='word_1_402' title='bbox 269 4247 327 4284; x_wconf 89' lang='lat' dir='ltr'><strong>meo</strong></span> <span class='ocrx_word' id='word_1_403' title='bbox 350 4231 455 4283; x_wconf 86' lang='lat' dir='ltr'><strong>domino</strong></span> <span class='ocrx_word' id='word_1_404' title='bbox 478 4237 506 4283; x_wconf 90' lang='lat' dir='ltr'><strong>et</strong></span> <span class='ocrx_word' id='word_1_405' title='bbox 521 4230 687 4284; x_wconf 87' lang='lat' dir='ltr'><strong>oecumenico</strong></span> <span class='ocrx_word' id='word_1_406' title='bbox 704 4228 871 4300; x_wconf 76' lang='lat' dir='ltr'><strong>patriarchae</strong></span> <span class='ocrx_word' id='word_1_407' title='bbox 887 4227 991 4282; x_wconf 88' lang='lat' dir='ltr'><strong>domino</strong></span> <span class='ocrx_word' id='word_1_408' title='bbox 1007 4225 1045 4280; x_wconf 89' lang='lat' dir='ltr'><strong>N.</strong></span> <span class='ocrx_word' id='word_1_409' title='bbox 1063 4230 1091 4277; x_wconf 87' lang='lat' dir='ltr'><strong>et</strong></span> <span class='ocrx_word' id='word_1_410' title='bbox 1105 4226 1221 4289; x_wconf 86' lang='lat' dir='ltr'><strong>sanotae,</strong></span> 
     </span>
     <span class='ocr_line' id='line_1_45' title="bbox 131 4293 563 4372; baseline 0.002 -21"><span class='ocrx_word' id='word_1_411' title='bbox 131 4313 269 4365; x_wconf 79' lang='lat' dir='ltr'><strong>quaecum</strong></span> <span class='ocrx_word' id='word_1_412' title='bbox 287 4298 346 4371; x_wconf 91' lang='lat' dir='ltr'><strong>ipso</strong></span> <span class='ocrx_word' id='word_1_413' title='bbox 363 4307 412 4372; x_wconf 84' lang='lat' dir='ltr'><strong>est,</strong></span> <span class='ocrx_word' id='word_1_414' title='bbox 431 4293 563 4369; x_wconf 55' lang='lat' dir='ltr'><strong>synodo?</strong></span> 
     </span>
    </p>
   </div>
   <div class='ocr_carea' id='block_1_5' title="bbox 0 0 1550 4942">
    <p class='ocr_par' dir='ltr' id='par_1_12' title="bbox 0 0 1550 4942">
     <span class='ocr_line' id='line_1_46' title="bbox 0 0 1550 4942; baseline 0 4"><span class='ocrx_word' id='word_1_415' title='bbox 0 0 1550 4942; x_wconf 95' lang='lat' dir='ltr'><strong> </strong></span> 
     </span>
    </p>
   </div>
  </div>
 </body>
</html>
