3092 4942
259 333 333 407 186
418 331 698 414 asarsualim
715 331 848 401 GOARI
860 332 1190 402 COMMENTARIUS

204 534 209 545 .
256 496 301 550 tim
317 495 365 551 suh
380 493 502 549 historiae
515 512 576 549 suae
593 492 693 561 limine,
720 509 771 564 qao
796 495 852 564 ipss
869 492 963 549 είσεισι
979 486 1029 549 τόν
1048 494 1169 549 κοιτῶνα
1183 490 1233 550 τόν
1248 512 1345 563 τατρι-
1365 495 1369 506 ’

255 565 324 633 κόν,
349 561 398 617 καλ
413 559 575 630 προσπεσόν
592 560 629 625 ὡς
645 564 736 633 δῆθεν
752 561 904 633 θρηνήσων
920 560 1082 633 ὑφαιρεῖται
1098 561 1193 637 λόδρφ
1210 566 1259 635 τῆς
1275 560 1344 620 ἐκεί-

255 651 308 686 νου
324 628 414 702 χειρός
430 628 480 687 τόν
498 633 688 700 σφραγιστῆρα
705 629 869 685 δακτύλιονι
894 638 949 686 tum
971 632 999 685 iu
1023 634 1113 685 Alexio
1133 632 1229 686 laudati
1245 636 1345 689 loannis

254 710 350 770 nepote
368 702 402 754 ad
419 704 532 765 calcem,
549 702 592 755 ubi
609 718 641 753 eo
658 699 797 753 crudeliter
813 703 964 755 obhuncato
981 702 1051 755 auris
1061 702 1175 755 abscissa
1186 703 1275 756 subula
1286 721 1346 772 per-

253 774 370 838 torsus,
387 772 547 841 maiemoqne
564 770 609 823 filo
626 776 654 823 et
670 768 789 839 apposita
804 786 864 823 cera
880 770 1021 825 Andronici
1032 770 1192 839 tyrannidem
1205 772 1346 825 invadentis

253 839 346 893 arraulo
362 840 493 907 signaturs
509 840 635 903 τιτροῖται
652 832 781 907 ὀβελίσκῳ
799 834 831 892 ssi
847 824 914 906 οὖς,
931 834 979 891 καλ
993 835 1096 908 κρόκης
1112 832 1281 908 ίξαφδείσης
1295 860 1344 909 κη-

252 902 302 974 ρδς
317 906 516 976 suprastructa
531 908 573 978 aqi
584 902 756 970 Ἀνδρονίκου
776 907 979 993 σφραγιστηρίφ
994 900 1186 975 ἐνσημαίνεται
1197 908 1343 976 δακτυλίῳ.

252 975 362 1029 annulus
379 977 425 1029 ille
442 986 469 1029 et
485 975 593 1045 quodvis
609 975 677 1027 aliud
693 973 805 1041 sigillum
820 976 975 1043 σφενδονης
990 992 1080 1029 nomen
1099 976 1207 1045 accepit.
1227 973 1343 1043 σφενδό-

251 1041 640 1185 iiisiqihhihi’zhl?
655 1039 1344 1181 ht⁰²tthltthttattihtitilithi

251 1191 340 1235 custos
357 1185 425 1237 iores
441 1184 496 1236 eius
511 1181 538 1235 ia
555 1198 605 1249 quo
625 1180 757 1251 reponitur
772 1180 823 1233 loci
840 1181 976 1243 observat,
994 1180 1026 1233 ad
1044 1180 1100 1234 illas
1117 1180 1204 1245 sedet,
1222 1191 1344 1247 moratur,

252 1252 356 1318 vigilat,
378 1259 407 1303 et
423 1268 470 1320 pro
488 1250 661 1303 excubitorum
678 1267 748 1302 more
764 1250 971 1304 etiam'somnum
990 1248 1074 1319 capit,
1098 1246 1344 1317 παρακοιμώμενος

249 1322 300 1386 τῆς
317 1316 478 1387 σφενδόνης,
497 1321 589 1388 regios
604 1321 762 1390 &gustaras
780 1319 897 1387 antistas,
913 1318 983 1373 sarri
1000 1318 1096 1371 σοσατίί
1106 1320 1237 1388 carosus,
1255 1320 1343 1389 gards

249 1392 295 1442 des
311 1407 391 1443 saaas
407 1389 440 1442 ds
456 1390 577 1458 l'casps‘ra.

332 1515 360 1573 p.
374 1499 395 1558 9
408 1513 434 1553 v.
453 1495 500 1558 14.
535 1492 696 1557 Praefectus
726 1510 778 1551 seu
805 1490 947 1552 accubitor
969 1491 1096 1571 cubiculss
1123 1490 1208 1568 aliqui
1231 1493 1343 1554 addunt

246 1582 336 1656 sacri,
350 1585 450 1659 utpote
465 1580 643 1658 imperatorii.
663 1578 746 1638 hodie
757 1578 788 1637 in
800 1576 869 1640 aulis
882 1586 1019 1640 veantur
1037 1578 1238 1653 manetem,
1250 1597 1338 1639 came-

246 1667 332 1740 rarii,
352 1666 442 1723 aureis
455 1664 578 1725 clavibus
591 1664 740 1743 conspicui.

314 1779 379 1834 ibid.
416 1780 521 1849 exponit
539 1779 720 1833 constantinus
735 1777 871 1833 Manassae
886 1772 1062 1845 νιαρολκοιτον
1083 1773 1132 1831 καλ
1157 1772 1269 1847 φύλακα
1290 1776 1341 1845 τῆς

249 1846 389 1917 βασιλείου
417 1850 525 1917 κλίνης,
559 1850 606 1901 sub
635 1848 706 1901 cuius
730 1847 897 1916 dispositione
920 1853 995 1900 eraut
1021 1841 1166 1913 πρόκοιτσι
1193 1842 1241 1899 καλ
1270 1862 1338 1913 προ-

249 1912 383 1982 φύλακες,
407 1915 440 1969 de
456 1917 547 1986 quibus
563 1917 686 1982 Nicetes,
712 1916 756 1985 qai
781 1917 927 1969 anhelares
947 1917 1104 1968 excubabant
1122 1922 1149 1967 et
1163 1914 1339 1982 imperatorem

249 1984 434 2038 custodiebant.
470 1982 500 2039 σί
521 1981 573 2055 pir
595 1980 648 2055 γὰρ
671 1980 903 2053 σωματοφύλακες
918 1983 966 2037 καλ
982 1980 1138 2050 δορυφόροι
1154 1979 1268 2035 ducito
1282 2000 1339 2036 που

246 2053 300 2104 τοῦ
314 2052 457 2123 βασιλικοῦ
471 2056 603 2115 κοιτῶνος
621 2050 721 2114 νυκτός
741 2049 933 2121 κατηόναζον,
955 2052 992 2107 ait
1014 2053 1058 2107 illa
1073 2052 1100 2103 in
1118 2052 1262 2105 Andronico
1279 2052 1294 2106 l.
1311 2055 1339 2108 2.

245 2122 559 2246 testulas
572 2121 910 2244 ‘salutarius
926 2138 960 2242 “h
973 2121 1338 2257 instruentis

243 2264 336 2309 cuntur
350 2259 378 2309 in
394 2259 529 2327 Theophili
546 2261 616 2326 rita,
633 2277 649 2312 a
667 2261 761 2312 Niceta
779 2259 805 2310 in
822 2258 917 2310 loaunc
935 2258 1064 2311 Comneno
1082 2252 1194 2310 οίκίδιοι
1212 2254 1337 2325 καὶπρό-

241 2342 347 2390 τισιτοι,
370 2342 387 2377 a
404 2326 561 2395 'l'hcophanc
577 2329 604 2379 iu
620 2328 759 2381 lastiniaao
781 2321 1006 2449 κουβιιιουλοὶριοι
1028 2324 1076 2380 καλ
1100 2322 1271 2392 croadam:
1295 2344 1337 2379 ar-

241 2394 304 2447 mati
320 2394 414 2476 quippe
431 2396 529 2464 spathis
545 2412 644 2449 sacram
661 2395 803 2449 cubiculum
821 2411 837 2446 ο
855 2396 1001 2452 servabant.
1034 2410 1088 2449 eam
1107 2397 1140 2447 ob
1158 2413 1211 2448 reru
1229 2396 1338 2460 somnio,

239 2460 309 2531 qaod
324 2461 445 2514 ιοεοείόοε
462 2464 510 2515 fuit
526 2464 670 2527 oraculum,
692 2462 830 2515 exterritus
851 2463 990 2517 Mauricius
1013 2464 1080 2534 apud
1097 2464 1277 2533 Theophanem
1296 2465 1337 2517 δι-

238 2528 386 2591 scombris
399 2525 510 2585 iudicas
526 2525 576 2584 τόν
592 2527 841 2599 παρακοιμόμενυν
859 2526 964 2599 αὐτοῦ,
992 2538 1022 2585 ut
1046 2532 1090 2601 qui
1115 2532 1249 2587 dormienti
1265 2533 1336 2602 priu-

238 2599 291 2668 cipi
307 2598 379 2651 iuxta
395 2616 486 2653 nomeu
502 2600 622 2653 cambiae
639 2615 718 2669 agens
734 2602 881 2658 acubus

321 2708 357 2765 ι’ό.
370 2723 396 2765 v.
412 2705 460 2769 15.
492 2704 655 2783 Logotheta
679 2703 776 2763 aerarii
798 2703 945 2785 generalis]
979 2705 1021 2765 ita
1046 2706 1131 2765 vertit
1161 2704 1335 2764 Glossarium

236 2789 496 2851 Graecobarbanm
518 2797 630 2850 secutus
648 2789 761 2866 Iunius,
784 2790 918 2867 logotheta
937 2791 1117 2869 puhh'caerer'.
1139 2791 1222 2869 longe
1240 2791 1334 2869 aptius

236 2877 324 2952 quam
335 2877 473 2954 interpres
493 2874 606 2936 Ioannis
624 2875 813 2954 Curopolatae
826 2874 966 2953 historici,
986 2877 1029 2934 cui
1049 2874 1225 2954 Nicephorus
1239 2875 1256 2939 ό
1271 2870 1333 2937 olari

236 2966 362 3043 γενικῶν
376 2967 420 3020 est
438 2961 601 3039 Nicephorius
622 2982 641 3020 a
663 2961 935 3037 censentanea
961 2960 1031 3018 luris
1049 2959 1105 3018 GR
1126 2968 1271 3021 curatorem
1287 2982 1334 3037 ge·

235 3049 294 3104 πίοι·
305 3046 444 3124 indigitat
464 3046 582 3105 Wolfius
599 3045 683 3105 vertit
695 3045 859 3122 generatas,
879 3043 1025 3123 absolute,
1049 3051 1079 3103 et
1094 3046 1238 3121 generalem
1256 3047 1333 3121 logo-

236 3130 350 3203 thetam,
377 3132 443 3205 quia
467 3132 594 3191 Zonaras
617 3132 647 3190 in
667 3131 784 3209 imperio
808 3128 903 3188 Irenea
925 3136 954 3189 et
978 3130 1156 3188 Constantini
1178 3131 1225 3189 lilii
1248 3130 1332 3189 Nice-

234 3215 357 3295 phorum
369 3212 488 3293 γενιιιόν
506 3214 671 3296 λογοθέτην
687 3214 820 3293 appellat.
853 3214 996 3274 Theodori
1012 3214 1182 3274 Metochitae
1196 3218 1332 3275 maximus

236 3299 419 3357 encomiastes
432 3306 477 3357 est
490 3298 664 3379 Nicephorus
685 3300 826 3377 Gregores
844 3300 873 3358 iu
886 3320 940 3359 saa
953 3300 1084 3375 historia,
1102 3300 1248 3378 praecipue
1264 3302 1281 3359 l
1300 3304 1330 3376 7,

235 3400 296 3441 nou
318 3382 414 3460 procul
435 3404 454 3443 a
470 3384 533 3445 hue
558 3387 605 3446 hia
623 3385 791 3445 Metochites
819 3385 904 3445 etiam
925 3384 1007 3444 huius
1028 3384 1191 3464 logothetae
1217 3404 1331 3445 munere

237 3468 350 3526 iunctus
363 3474 417 3528 est

305 3558 492 3633 όλομοδὲτης
514 3566 566 3619 τοῦ
589 3567 816 3635 γενικοῆλοαοοι
841 3565 891 3621 sibi
915 3569 1024 3619 numam
1046 3565 1186 3620 accendunt
1209 3567 1258 3620 hae
1282 3584 1330 3620 vo-

235 3648 288 3686 ωε.
325 3629 439 3686 Γενικόν
461 3634 534 3687 locus
557 3643 597 3687 cst
618 3635 710 3705 cpoli,
739 3653 791 3705 quo
824 3633 865 3689 ius
893 3636 1043 3688 tributorum
1072 3636 1166 3688 subditi
1196 3637 1329 3689 exsolvunt

235 3706 262 3754 et
284 3702 459 3769 negotiatores
488 3703 626 3773 vectigalia
649 3713 773 3773 pensant,
799 3720 875 3773 quem
903 3705 1018 3757 Zonaras
1048 3705 1256 3774 periphrastiroic
1292 3701 1329 3757 roi

233 3764 333 3839 ἆρχεῖα
349 3767 415 3833 τοδς
431 3768 602 3841 φορολόγους
616 3774 863 3842 λογοιιρακτοῦντα
885 3773 988 3843 scripsit
1010 3774 1036 3826 in
1054 3774 1222 3827 Constantino
1239 3774 1328 3838 Ducsq

232 3840 268 3892 de
285 3854 336 3907 qao
354 3840 486 3894 cedrenus
503 3841 529 3893 ia
545 3842 654 3895 Basilios
675 3840 724 3895 καλ
739 3838 780 3901 είς
795 3836 828 3895 sd
845 3838 992 3911 λεγόμενον
1010 3837 1125 3896 Γενικδν
1142 3836 1244 3897 surreie
1261 3836 1327 3903 τοδς

232 3904 482 3977 εἰσπραττομένους
499 3904 609 3965 όσκότιει
624 3906 702 3979 παρὰ
719 3910 771 3965 τοῦ
787 3910 940 3997 δημοσίου,
965 3906 1003 3980 μή
1021 3908 1077 3964 τοί
1094 3929 1134 3972 τις
1150 3908 1254 3972 ἀδίκως
1270 3908 1297 3965 εί
1313 3939 1324 3948 ·

230 3972 398 4046 πράττοιτο,
426 3977 475 4031 καλ
499 3974 587 4041 οὕτως
608 3984 667 4041 τοῖς
689 3974 883 4045 δδικουμενοις
910 3976 1040 4047 ἐπήμυνε.
1076 3987 1102 4032 et
1119 3980 1270 4033 descendeus
1289 3980 1326 4031 ad

233 4046 373 4115 Genitore,
402 4048 502 4101 στἐυνίί
523 4053 623 4113 sedeas,
651 4067 693 4102 aas
709 4050 756 4118 qui
768 4050 802 4100 ab
819 4050 918 4102 wasia*
933 4049 1058 4103 υιίιιίολείν
1075 4051 1219 4117 uectigalia
1236 4051 1327 4117 eriga-

230 4121 335 4183 scsstur,
359 4132 391 4169 sss
407 4118 465 4183 qas's
481 4119 545 4187 qaid
560 4120 655 4172 issimis
670 4120 841 4187 persolverat,
869 4120 1064 4187 speculabatur,
1094 4134 1125 4169 us
1141 4120 1184 4171 s'ta
1200 4119 1328 4172 iniuriam

227 4185 314 4253 passis
331 4186 518 4253 opitulabatur.
551 4184 657 4254 φονικός
679 4186 772 4239 exinde
796 4188 903 4257 portarii
928 4186 1141 4254 vectigaliumque
1157 4194 1264 4240 seruator¹
1277 4193 1330 4251 est‚·

230 4262 261 4303 ut
276 4253 360 4318 aiunt,
375 4257 518 4325 gesseratis.
551 4256 644 4309 fluidas
660 4272 687 4308 v.
722 4251 849 4317 Γενιιιόςι
863 4252 1034 4315 Ἀναστολσιος
1046 4249 1326 4325 βασιλεόςῬωμαίων

229 4314 400 4391 αἰσθόμενος
415 4320 517 4395 στολὴν
533 4324 709 4395 Σαρακηνοῑν
726 4318 858 4395 ἔρχεσθαι
874 4319 945 4379 κατὰ
973 4323 1022 4392 τῆς
1044 4318 1164 4393 πόλεως,
1192 4318 1325 4391 Ἰωάννην
