3092 4942
518 329 565 399 ΙΝ
584 329 735 401 conlNl
764 332 853 401 cle.
872 331 931 401 Ill·
1204 337 1280 409 229

260 514 291 575 p.
305 492 345 558 14
360 512 386 556 v.
402 497 451 565 18.
481 492 691 579 καβαλλικεῦῃ,
703 517 758 559 vox
772 517 791 559 a
803 494 908 559 Latino
922 496 1042 561 morito
1054 498 1130 577 licta,
1145 498 1279 579 frequens

76 608 81 615 ¹
175 584 207 641 in
221 578 277 640 boc
297 600 390 659 opere
410 582 525 643 additur
546 583 714 664 explicatio,
735 578 802 662 ἥως
823 578 954 665 innecip,
973 585 1073 663 'quales
1097 584 1279 647 barbararum

175 667 329 727 dictionum
351 667 548 746 explicationes
570 668 675 729 multae
690 674 840 729 occurrunt
858 670 888 729 in
907 670 1034 747 Codin03
1059 674 1091 731 ut
1107 670 1190 749 paulo
1209 680 1277 733 ante

173 744 294 831 κόμπος
313 746 379 831 ᾔως
390 753 506 817 πεδίον.
527 756 646 814 necscio
657 763 725 813 ntun
736 755 795 813 sint
810 754 846 814 ab
857 761 971 815 auctore
984 775 1022 817 an
1035 776 1053 815 a
1065 753 1191 815 librariis.
1211 754 1275 837 ᾔως

172 837 335 898 recentioris
355 837 489 897 Graeciae
508 840 640 899 floscudus
656 845 716 918 est,
736 860 790 918 pro
805 836 837 919 ἤ.
857 842 953 921 primis
967 841 1058 901 verbis
1071 840 1153 901 huius
1167 844 1274 917 numeri

172 924 248 983 forte
272 924 367 1001 aptior
388 925 528 1002 scriptura
547 932 639 985 essetc
659 920 778 1001 πεζεύει
801 922 1000 1005 dicendane,
1029 926 1063 991 ἐν
1088 918 1114 1013 pi
1136 920 1176 992 civ
1190 922 1274 1013 τόπῳ

170 1002 332 1091 προστάξει
345 1012 434 1071 τοῦτο
448 1002 464 1072 ὁ
476 1005 627 1089 βασιλεύς.

141 1116 149 1124 ’
256 1109 295 1170 ib.
315 1126 342 1169 v·
362 1112 411 1173 16.
433 1102 628 1190 σκαρᾶνικον]
649 1108 745 1169 Iunius
754 1096 860 1193 pollam
873 1111 957 1170 vertit
972 1109 1016 1169 vel
1035 1108 1127 1171 laxam
1144 1117 1170 1171 et
1180 1114 1274 1193 fluen-
1317 1178 1322 1195 x

170 1202 224 1255 tem
237 1200 345 1272 togam
362 1194 478 1271 duaque
491 1195 618 1256 vocabuli
638 1196 743 1262 natalia
755 1195 793 1257 ab
815 1193 938 1273 Assyriis
959 1194 1070 1275 repetit.
1096 1216 1150 1273 ego
1170 1216 1273 1258 nomen

170 1280 312 1340 Graecum
330 1281 506 1341 retinendum
526 1300 643 1358 censeo,
663 1286 723 1340 tam
740 1281 786 1340 hic
808 1298 893 1356 quam
913 1280 994 1359 alibi,
1013 1286 1072 1339 tarn
1084 1281 1114 1340 in
1129 1282 1173 1339 his
1188 1301 1273 1358 quam

169 1366 201 1423 in
215 1365 275 1424 aliis
287 1365 319 1423 id
340 1385 431 1443 genus
452 1366 608 1445 vocabulis,
626 1367 741 1443 quando
762 1364 869 1426 nullum
890 1362 1024 1425 Latinum
1047 1368 1174 1447 suppetit
1194 1370 1273 1443 quod

168 1450 227 1509 vim
245 1451 316 1510 satis
336 1452 482 1529 exprimat
504 1453 579 1511 forte
604 1456 768 1512 rcnrmu'cum
796 1456 841 1510 est
867 1471 885 1510 a
906 1452 1010 1529 Sarra,
1035 1450 1089 1511 hoc
1113 1458 1159 1511 est
1180 1450 1269 1528 Tyro.

168 1536 335 1600 Sidonius8
350 1541 387 1602 6:
406 1537 537 1597 Suum
550 1539 624 1597 ebn'a
632 1536 716 1615 fineis.
729 1536 778 1595 ubi
791 1538 916 1597 Savaro:
933 1537 1079 1612 Sarranis,
1101 1537 1132 1595 id
1145 1543 1191 1595 est
1207 1536 1236 1595 T
1235 1558 1270 1615 y-

166 1622 230 1681 riis:
246 1620 342 1699 Tyres
354 1622 428 1680 eninr
441 1622 619 1701 insulaprius
634 1622 724 1683 Sarra
737 1622 820 1681 dicta
841 1622 954 1681 Servius
974 1628 1004 1680 ec
1025 1620 1103 1681 Festi
1123 1622 1269 1699 Epitoma·

164 1713 235 1767 stes.
263 1708 340 1765 unde
364 1707 517 1768 Sarranum
542 1714 640 1767 ostrum
664 1707 790 1785 Virgilio.
825 1709 877 1766 sed
897 1727 933 1766 en
957 1705 1062 1765 fulmen
1082 1726 1100 1766 a
1124 1706 1270 1767 Glossario

167 1791 306 1851 Graecob.
326 1792 399 1873 apud
411 1791 539 1853 Codinura
552 1794 620 1853 male
634 1810 733 1871 reaper
746 1788 932 1875 oaopdvcaov
952 1791 1067 1869 legitur:
1087 1795 1195 1851 restitue
1208 1794 1268 1852 obi-

167 1898 218 1957 qne
237 1874 460 1958 σκαροὶμαγκον.
491 1878 728 1957 obtemperarem,
749 1879 804 1936 nisi
825 1896 977 1937 consensus
997 1896 1056 1935 mss
1075 1877 1203 1935 codicum
1222 1896 1268 1935 me

164 1963 339 2021 retraheret:
368 1982 436 2022 nans
460 1982 554 2040 neque
575 1965 673 2023 Iunius
696 1964 728 2021 in
747 1964 806 2021 suis
826 1982 919 2039 neque
946 1980 1001 2039 ego
1020 1962 1050 2019 in
1075 1962 1217 2021 Bavaricis
1237 1967 1268 2021 et

162 2046 356 2107 Lautheriano
380 2048 434 2107 hoc
454 2044 668 2131 ouapdpoyaoc
684 2049 845 2126 reperimus.
874 2054 994 2122 uterque
1016 2046 1168 2105 Bavaricns
1184 2062 1268 2124 prae·-

163 2136 221 2193 t'ert
235 2134 349 2209 quidem
361 2128 543 2216 σκαρᾶνιον,
564 2135 638 2194 sacili
658 2134 741 2213 lapsu
759 2132 862 2194 librarii
882 2156 902 2199 κ
926 2132 1095 2193 emittentis:
1124 2132 1177 2190 sed
1196 2131 1266 2209 quid

164 2213 331 2302 oncpcivaov
344 2220 382 2278 ad
393 2213 630 2303 oaopoipayaov?
687 2262 690 2268 ·

233 2312 414 2387 σκαράνικον]
439 2334 495 2372 cunr
523 2318 556 2370 de
581 2316 627 2370 illo
656 2317 816 2387 frequentior
843 2318 961 2369 occurret
986 2310 1266 2396 serm-o‚·conrmodiur

160 2385 423 2511 infppodechmbitur.
456 2383 629 2442 videinterin
644 2387 747 2441 tertiam
762 2388 798 2440 ab
816 2386 865 2439 hac
891 2391 992 2447 nutam,
1018 2398 1059 2437 car
1081 2380 1170 2435 titulus
1195 2378 1265 2451 καβ-

159 2458 199 2529 βα
231 2493 295 2597 ibid.
310 2536 508 2610 zoaaozotadr]
524 2556 624 2595 sensnm
640 2540 761 2610 percipe3
789 2556 838 2593 nec
854 2538 942 2592 illitum
965 2531 1057 2601 modo,
1081 2532 1127 2591 sed
1150 2537 1178 2587 et
1201 2548 1264 2585 auro
1302 2567 1306 2577 ι

161 2611 244 2696 solido
264 2610 383 2693 conflatio
403 2610 536 2663 monilibus
553 2627 653 2692 anseres
671 2610 848 2692 circurnfusam
864 2616 892 2660 et
906 2606 1050 2689 distinctum
1061 2602 1187 2684 despotae
1197 2618 1264 2653 σκα-

160 2681 563 2818 ttt‘tsstttttttdltt‘:
580 2676 1264 2815 lnttdlztttl¹2tll053¹¹tlti¹÷⁰⁸tttt

53 2845 57 2852 ·
161 2826 190 2872 et
208 2818 330 2882 detineri,
348 2835 381 2869 nc
396 2817 495 2869 deuon
510 2824 632 2869 externae
648 2816 730 2880 vesti,
752 2814 835 2883 qualia
853 2810 1022 2877 ouopoiocnor
1039 2814 1096 2873 eat,
1124 2824 1171 2875 per
1187 2806 1262 2859 varia

158 2888 246 2957 spatia
263 2885 380 2957 respergi
397 2894 425 2938 ot
441 2885 538 2938 monui.
573 2883 791 2951 Sandionyaiacus
809 2882 889 2936 codex
907 2881 1043 2949 pulmarum
1066 2876 1168 2941 limbum
1189 2891 1262 2944 genu-

160 2958 210 3011 inis
228 2963 256 3010 et
272 2956 381 3026 lapillis,
399 2960 428 3006 ut
446 2960 569 3024 apparet,
588 2952 686 3006 varium
704 2952 759 3005 eius
778 2950 845 3004 vesti
863 2948 989 3019 appingit.

227 3043 291 3095 ibid.
326 3036 454 3109 λιθάρια]
472 3038 533 3091 vide
549 3037 735 3105 degenerantes
749 3036 775 3088 in
791 3034 937 3087 barbariem
953 3048 1030 3083 voces
1047 3031 1111 3095 hes,
1133 3022 1261 3095 loiniaco,

157 3104 378 3181 μαργαριτᾶρια,
396 3117 440 3173 et,
457 3107 596 3176 dequibus
613 3124 703 3175 nuper,
720 3100 879 3175 χαλινάρια.
915 3116 1014 3174 paucae
1030 3102 1090 3154 aunt
1104 3114 1138 3151 ex
1154 3097 1261 3150 immen-

158 3197 205 3249 so,
221 3196 297 3249 quem
313 3183 395 3232 tanet
409 3192 559 3245 recenseas,
579 3192 693 3229 numero.

114 3323 124 3341 ,
242 3270 282 3329 ib.
303 3287 329 3329 v.
349 3271 397 3332 17.
417 3258 602 3347 καββᾶὃιον]
621 3262 751 3323 scribitur
767 3262 852 3328 etiam
865 3252 1034 3339 καββάδης,
1048 3252 1257 3345 καββᾳδίκιον,
1325 3280 1329 3287 ·

157 3347 320 3433 καββοῖὁιν.
353 3352 450 3413 Iunius
474 3352 677 3427 interpretatur
697 3352 818 3408 tunicam
845 3346 999 3405 bmorntnm
1023 3347 1048 3401 et
1073 3358 1181 3419 purum.
1208 3340 1260 3408 sed
1357 3357 1362 3365 ⁶

157 3440 298 3497 Graecum
307 3439 484 3496 retinfflmus
526 3436 718 3511 Glossarium,
738 3454 764 3491 v.
786 3424 993 3513 adpretiat
1009 3420 1178 3507 καββᾶδιον
1197 3442 1260 3481 esse
1324 3497 1328 3509 x

157 3525 351 3582 diminutim
369 3544 388 3581 a
401 3518 504 3604 κάμβα
517 3520 563 3580 vel
579 3517 699 3601 κάββαε
721 3524 872 3593 utrumqne
892 3515 965 3575 enim
986 3512 1101 3571 Graecis
1119 3509 1260 3587 usurpari,

156 3610 230 3682 ⁸5⁰¹.st
254 3603 445 3689 μαμπάριον,
476 3613 506 3666 et
530 3600 722 3687 μαππᾶριον,
746 3596 916 3685 ταμπάρρον
934 3604 963 3658 et
978 3591 1156 3678 ronnoipcov.
1184 3595 1259 3651 forte

155 3697 272 3754 tandem
285 3695 387 3753 existet
400 3694 449 3769 qui
462 3712 480 3752 a
493 3692 615 3752 wlede
624 3710 690 3767 rege
703 3689 852 3754 Persarum
868 3687 1004 3765 originem
1020 3686 1075 3745 τοῦ
1086 3680 1256 3761 artitudine

154 3786 250 3858 petat,
271 3800 334 3840 cum
347 3782 519 3839 sacratricem
532 3779 690 3837 colludium
703 3782 734 3834 et
743 3774 906 3853 pbuceolium
927 3771 963 3829 ab
978 3767 1100 3845 Assyriis
1113 3767 1151 3825 ad
1166 3764 1255 3823 Grae-

154 3885 205 3923 cos
217 3866 356 3942 uenerint,
373 3871 406 3923 ut
419 3864 492 3921 infra
508 3882 543 3921 ex
554 3864 667 3922 Codino
683 3862 821 3920 discemus
835 3879 858 3917 c
874 3861 902 3921 6.
923 3853 1068 3933 probabile
1083 3857 1128 3911 est
1143 3848 1257 3908 formari

154 3945 324 4031 καββᾶδιυν
342 3947 473 4009 aLatino
490 3968 585 4025 coppo.
608 3948 681 4006 infra
704 3947 773 4023 quid
790 3945 827 4003 sit
846 3936 1014 4021 καββάδιογ
1030 3938 1183 4017 explicatur
1204 3935 1271 3993 ad-'

155 4037 217 4095 dita
232 4037 285 4097 hac
301 4035 412 4115 exegesi
430 4027 599 4114 καββᾶδιον
612 4030 677 4112 dog
686 4028 720 4095 'cd
735 4025 838 4095 ἐπάνω
852 4026 966 4107 ἔνδυμα
980 4018 1113 4088 πάντων.

225 4134 354 4188 occurret
374 4148 551 4201 nonnunquam
572 4147 622 4183 uno
645 4130 664 4200 β
687 4120 1000 4197 denumerationem,
1028 4122 1072 4176 vel
1102 4121 1180 4177 etiam
1206 4134 1254 4171 ex·

95 4248 98 4255 .
153 4208 237 4257 trenno
254 4205 356 4273 sydaba
378 4219 426 4274 pro
450 4207 570 4270 corrupto
594 4198 713 4268 loquendi
739 4213 788 4252 usu
808 4202 968 4261 annonam,
993 4188 1109 4264 καβᾶὃι.
1132 4188 1193 4259 quid
1219 4184 1254 4238 sit
1373 4230 1379 4243 ,

153 4271 263 4341 exponit
281 4272 383 4330 Purtiue
405 4272 431 4326 in
460 4270 572 4325 Lexico:
598 4263 704 4337 καβάδι
728 4263 866 4335 eciderunt,
897 4260 1048 4335 adderetur,
1068 4258 1162 4329 σάγος.
1203 4256 1253 4307 du-

153 4342 247 4411 plicem
263 4342 290 4394 in
306 4342 423 4398 familiari
445 4358 563 4395 sermone
584 4336 722 4420 observavi
744 4336 871 4403 tunicam,
894 4332 1037 4389 interiorem
1062 4338 1089 4385 et
1115 4334 1251 4381 externam,
