3092 4942
267 274 339 347 192
429 270 639 340 GRETSERI
651 271 707 337 ΕΤ
724 270 857 356 (30th
871 270 1200 343 COMMENTARIUS

263 436 405 495 monteboi.
440 431 624 505 qnadraginta
641 448 702 487 cero
717 431 779 504 epus·
797 431 828 485 ia
844 433 961 504 singolis
971 434 1146 489 mansionibus
1156 437 1365 497 mobulobontur,

264 514 291 564 st
301 506 398 559 ibidem
408 504 553 575 δύμμοοσοιι·
565 502 602 557 od
613 502 743 557 curandos
754 508 816 571 parnt
826 510 949 571 poterunt
961 521 1038 573 equos
1049 512 1124 557 erant
1141 506 1273 561 destinati.
1307 525 1366 561 suo·

264 576 415 631 oedentihus
424 591 486 629 uero
499 572 550 627 sihi
559 570 596 625 ud
607 571 731 625 ιιοιόοιιτο
744 570 935 641 probatissimis
951 573 1038 642 cquis,
1058 574 1104 643 poi
1115 577 1299 646 satagebant,
1318 576 1365 629 do·

265 649 414 713 οτοιΙτοτιι
424 645 526 697 dicium
536 641 588 694 iter
597 640 712 695 uicissim
729 641 912 709 conficiebant,
935 648 1045 715 ugentes
1060 644 1184 711 quonoodo
1203 646 1366 714 significaui-

264 734 332 770 mus.
368 713 433 769 haee
449 711 502 765 ille.
534 708 580 779 qui
595 709 708 783 rationes
722 726 854 764 cursorum
871 710 999 773 habebat,
1024 707 1144 779 lopoda'r
1165 731 1178 774 ς
1192 716 1367 783 appellabatur

265 782 415 853 saepissime
437 780 490 835 τού
513 774 637 849 δρόμου,
655 784 684 832 ut
700 778 768 849 apud
786 778 967 865 Theophanem
985 778 1129 833 Gedrennm
1145 732 1273 835 Monetam
1288 783 1370 836 Nice·

266 861 321 907 mm
338 861 365 905 et
375 851 441 919 alins
453 850 582 913 occurrlt3
601 865 780 918 nonnunquam
792 846 844 901 τού
858 844 940 911 οξέου
952 844 1058 917 δρόμου
1087 849 1153 917 quod
1166 850 1270 921 scripsit
1280 852 1370 905 Theo-

288 923 368 975 hanes
384 920 412 973 in
429 919 535 991 Copron
554 916 587 971 mi
607 916 663 971 filio
685 918 787 980 Leone,
812 915 951 969 correctius
973 916 1025 969 τού
1046 884 1131 981 deduc
1155 916 1279 989 δρόμου,
1301 918 1369 989 quod

268 940 454 1045 damnatione
479 988 508 1041 in
572 986 725 1055 orograpbin
784 983 843 1039 suit.
878 983 965 1057 Latini
988 1003 1004 1039 e
1029 984 1132 1040 Graeco
1155 986 1311 1057 logothetam
1340 996 1370 1043 tu

270 1062 366 1114 dromo
384 1064 411 1111 at
428 1066 457 1112 tu
473 1056 558 1109 dromi
573 1072 630 1110 cam
647 1055 729 1108 Paulo
772 1054 863 1110 ‘sconc
889 1053 1093 1124 pronuntiabant
1128 1056 1300 1127 Theophanes
1320 1058 1371 1111 ite-

271 1146 329 1183 rum
347 1128 374 1181 iu
392 1126 548 1180 Iustinianor
572 1121 622 1178 scol
645 1119 661 1180 d
681 1121 734 1182 τού
750 1122 885 1193 δημοσίου
902 1117 1009 1189 δρόμου
1027 1118 1237 1192 ἐπιμελούμενος
1272 1122 1371 1196 ύτομό-

273 1200 340 1267 ipra
356 1189 502 1262 παραδούς
526 1187 593 1257 τούς
614 1191 764 1262 δημοσίους
779 1192 894 1261 Ιἵππους.
928 1190 1040 1245 habebat
1061 1192 1105 1247 ille
1128 1196 1175 1248 sub
1193 1212 1240 1249 sus
1253 1146 1372 1266 disposi-

274 1266 347 1320 tione
361 1262 576 1336 protonotarium,
600 1260 634 1313 da
650 1279 701 1333 quo
718 1260 901 1328 Constantinus
920 1257 1028 1314 citatusr
1057 1256 1198 1315 ἀπέστειλε
1218 1262 1374 1333 pannonici-

271 1352 336 1402 ριον
359 1330 409 1387 τόν
431 1327 516 1397 ὀξέος
537 1325 654 1401 δρόμου.
690 1330 734 1400 qai
757 1330 874 1383 nimirum
897 1344 1031 1383 carrorum
1053 1331 1238 1413 quitationes,
1266 1335 1373 1398 traditu,

270 1409 387 1472 recepta,
400 1405 543 1455 annotaret.
577 1400 750 1470 Theophanes
766 1398 794 1455 ln
809 1399 936 1455 Michaelo
951 1398 1090 1467 Theophili
1103 1398 1170 1455 filios
1189 1394 1322 1473 ἐντούτῳ
1339 1400 1373 1457 bl

270 1468 306 1527 roi
329 1470 478 1541 γράμματα
503 1468 544 1542 τῷ
567 1467 786 1541 πρωτονοταρίῳ
811 1468 863 1521 τού
879 1462 989 1541 δρόμου
1012 1461 1091 1535 παραὶ
1114 1469 1166 1522 τού
1190 1467 1376 1537 πιφθαιιότος

269 1538 337 1609 niort
352 1531 586 1610 ἔνεχειρίσδησαν,
604 1532 642 1602 ὡς
657 1532 688 1593 όν
704 1539 764 1599 τοῖς
777 1536 960 1607 Μελαγγείοις
972 1529 1257 1604 ἐστρατοπεδεύσαντο
1273 1536 1303 1593 oi
1313 1540 1373 1592 Σα-

270 1607 392 1678 ραιιηνοὶ
415 1609 480 1677 drop
497 1603 621 1661 iliorum.
663 1601 770 1675 όνούν
791 1601 1017 1674 πρωτσνοτόριος
1039 1604 1243 1675 σκυθρυπήσας
1268 1604 1313 1661 ἐπὶ
1338 1608 1376 1677 τῇ

274 1626 756 1802 trt‘rsrnit‘rrbrrt
769 1668 1377 1803 tincto“trininno-‚rso

542 1777 544 1784 ·
943 1781 951 1797 ·
1108 1782 1116 1809 r
1184 1782 1192 1810 ι

277 1814 581 1881 mansueriscam,
606 1815 742 1869 cniuadnrn
761 1814 860 1868 scilicet
876 1812 977 1881 palatii
996 1813 1055 1878 GP,
1079 1814 1148 1883 pund
1164 1814 1282 1868 dromom
1298 1834 1377 1868 oocu-

240 1946 245 1955 ‚
277 1888 351 1939 bont.
385 1884 487 1953 reperio
503 1884 531 1937 in
545 1881 606 1938 Iure
622 1886 676 1937 Gn
691 1902 719 1954 p.
739 1883 790 1944 132
806 1877 985 1950 δικαστήριον
994 1882 1047 1934 τού
1057 1876 1244 1950 ἷπποδρόμου,
1262 1883 1295 1937 ad
1307 1886 1375 1954 Hip·

276 1954 427 2026 podromnm
444 1970 535 2023 nempe
551 1953 636 2009 situm.
670 1951 731 2021 qnid
742 1952 765 2006 si
776 1951 809 2004 de
827 1952 904 2005 rebus
919 1952 945 2003 in
961 1950 1018 2021 ipso
1035 1950 1212 2020 Hippodromc
1228 1952 1378 2021 contingen-

277 2024 350 2078 tibus
369 2022 512 2087 iudicaret,
534 2038 567 2075 ac
588 2018 741 2091 λοροδύτης
758 2021 810 2075 τού
833 2017 941 2087 δρόμου
958 2036 1009 2073 non
1026 2034 1115 2073 cursus
1132 2020 1205 2073 modo
1222 2020 1316 2091 publici
1331 2021 1378 2074 sed

277 2098 307 2146 et
331 2092 457 2161 equestris
479 2090 506 2143 iu
527 2090 693 2146 chosnnous
715 2090 781 2143 ludis
798 2090 941 2144 certaminis
958 2096 1073 2157 sumptus
1089 2090 1201 2141 rationes
1218 2106 1308 2143 census
1324 2089 1379 2143 dis·

278 2162 406 2215 esterna
439 2158 585 2241 suspicandi
600 2165 744 2231 suggerunt
759 2174 846 2213 onnam
860 2176 894 2211 ea
911 2158 929 2213 l.
946 2157 963 2211 5
980 2157 1150 2225 Anthologine
1162 2157 1379 2228 Epigrammatum

278 2244 348 2299 quae
365 2232 507 2297 composmt
523 2229 639 2281 Thomas
653 2228 777 2299 patricius
792 2220 888 2296 κριτὴς
907 2226 959 2281 τού
981 2222 1088 2294 δρόμου
1112 2225 1138 2279 in
1162 2226 1323 2281 Anastasiou
1347 2242 1380 2281 ec

278 2298 368 2368 plures
385 2297 449 2378 alios
465 2302 591 2378 puattuor
613 2297 752 2349 facfioum
774 2296 802 2349 in
828 2296 904 2349 Circo
921 2293 954 2347 de
970 2296 1054 2378 pplma
1070 2294 1251 2349 decertantium
1268 2300 1380 2366 annom.

278 2365 1208 2508 tbi‚⁸⁰35thiiiiibrititihhtlil²lirti„ti
1224 2372 1380 2504 tilithi

281 2502 376 2555 Veneti
395 2508 443 2554 aut
458 2501 510 2554 alia
525 2502 604 2554 ῐοούο
621 2518 743 2555 exercere
759 2501 869 2554 solebat
903 2502 1011 2555 Dromos
1034 2502 1101 2557 euim
1124 2504 1208 2555 locum
1222 2504 1263 2558 hic
1279 2504 1380 2572 signifi-

280 2576 339 2635 eat,
357 2572 429 2623 utin
446 2570 641 2641 Hippndromo3
657 2578 748 2639 estque
762 2570 840 2637 plane
855 2568 1060 2641 Hippodromus,
1084 2572 1157 2625 utin
1170 2572 1215 2627 illu
1231 2572 1379 2646 epmmphn,

281 2640 548 2696 Proconsuour
571 2639 695 2693 Dran
717 2639 917 2695 Ιιίσυιοιιιι
940 2640 1134 2695 Vanaurn.
1254 2668 1256 2672 ·

287 2807 291 2812 ,
352 2751 518 2822 p.10v.8.
545 2748 867 2821 Qninpuroocnnapiproc‚
880 2750 1126 2819 reponendosscisse,
1142 2768 1190 2805 nec
1207 2768 1378 2819 ιιοιιπροιτο-

285 2816 436 2889 ασεκρέτης
451 2820 587 2888 scribitur,
610 2827 642 2872 ut
658 2820 771 2890 primurn
788 2821 955 2873 cometarium
971 2818 1091 2883 indicat‚'
1101 2821 1139 2873 its
1156 2827 1183 2874 et
1196 2821 1310 2874 iudicum
1327 2840 1380 2873 om-

283 2886 359 2943 ‘rrs'unr
374 2891 635 2959 praestantissimum.
669 2906 686 2941 a
711 2888 819 2943 secretis
844 2888 988 2958 primarium
1012 2888 1156 2957 significat,
1180 2898 1276 2943 secreto
1299 2890 1381 2962 siqui-

286 2960 345 3013 dem
359 2954 396 3012 rol
412 2954 559 3030 ἀπόρρητοι
576 2957 718 3027 Procopius
737 2958 935 3029 interpretatur,
959 2962 987 3012 et
1005 2970 1027 3010 ‘a
1051 2959 1155 3013 secretis
1171 2975 1318 3012 arcanorum
1335 2977 1382 3011 no-

285 3029 395 3092 tarium,
413 3028 432 3081 l.
450 3032 469 3084 2
485 3028 517 3081 de
534 3027 599 3082 bello
615 3026 738 3082 Persicos
759 3021 916 3080 Ἰουλιανόν
934 3020 986 3081 τόν
1006 3025 1062 3080 τόν
1076 3022 1243 3096 ἀπορρήτου
1259 3046 1381 3097 γραμμα-

283 3093 354 3161 τέα·
382 3092 530 3166 όοηιιρῆτις
545 3097 659 3151 καλοῦσι
674 3096 759 3150 τούτο
776 3090 808 3149 τό
835 3090 942 3164 όξίαμα
960 3092 1110 3163 Ῥωμαῖοι·
1133 3098 1257 3165 σηκρῆτα
1274 3092 1328 3165 γὰρ
1344 3091 1381 3150 τοὶ

283 3160 442 3232 ἀπόρρητα.
478 3166 583 3219 Sandan:
608 3168 664 3219 coin
689 3160 858 3234 ἀπορρήτων
886 3162 1063 3234 γραμματέα,
1089 3161 1214 3219 τουτέστι
1238 3162 1382 3232 νοτοὶριον,

283 3228 435 3319 ύσηιιρητις
456 3236 588 3287 καλοῦσιν
604 3230 634 3287 ol
645 3232 789 3303 Ῥωμαῖοι.
824 3234 958 3295 Monaeses
971 3234 999 3286 iu
1009 3233 1119 3303 politicis
1130 3234 1295 3288 carminibus:
1311 3230 1383 3287 οἶνό-

284 3318 361 3356 ιιτον
377 3300 619 3371 υπομραμματιύς,
642 3298 676 3357 ’όν
696 3319 783 3371 φασιν
803 3295 965 3370 ἄσηαρῆτιν.
1000 3309 1125 3355 secretam
1150 3302 1261 3356 secundo
1278 3308 1387 3357 veteres

258 3422 261 3428 ,
286 3371 391 3440 glossae
404 3368 582 3438 δικαστήριον
598 3378 735 3443 exponunt.
771 3372 940 3425 Cassiodorus
955 3370 975 3425 1.
995 3374 1026 3427 11
1051 3373 1133 3441 prael.
1162 3379 1319 3443 quapropter
1335 3372 1383 3426 ad-

283 3438 445 3492 ministrator
461 3440 628 3510 amplissimus
648 3442 688 3507 (id
704 3447 746 3494 est
761 3442 908 3511 praefectus
928 3441 1070 3509 praetorio)
1093 3441 1115 3493 si
1131 3458 1239 3495 vaonsse
1255 3442 1383 3505 credatur,

173 3532 177 3537 ·
288 3508 454 3578 opprobrium
471 3517 526 3577 eat,
543 3508 615 3562 ouius
632 3510 707 3561 etiarn
724 3510 859 3562 Secretum
876 3509 983 3579 dicitur,
1012 3509 1081 3579 qnod
1099 3510 1258 3564 tumultuosis
1274 3509 1383 3563 actioni-

285 3575 337 3629 bus
354 3579 514 3631 verberatur.
546 3578 607 3631 vide
622 3580 755 3631 secretum
772 3578 920 3631 auditorium
939 3579 1064 3647 praelecti
1080 3578 1188 3643 dictum3
1212 3578 1270 3633 ideo
1288 3580 1383 3631 Secre-

287 3652 341 3699 tum
358 3645 419 3715 quin
434 3646 461 3698 in
473 3646 613 3700 secretiore
628 3647 767 3717 penetrali,
790 3647 891 3701 minium
907 3654 989 3701 tamen
1005 3653 1146 3717 secretum,
1170 3648 1230 3717 quia
1245 3650 1385 3702 tumultuo-

282 3713 325 3771 sis
350 3715 488 3773 saionibus
510 3732 657 3785 personent.
678 3716 785 3769 Paulum
809 3717 1000 3771 samosatenum
1022 3716 1124 3771 damnet
1141 3717 1269 3771 Eusebius
1293 3720 1310 3775 'i
1339 3717 1384 3785 25,

290 3784 360 3851 qnod
377 3785 532 3853 σηιρῆτον,
558 3780 647 3851 ὥσπερ
666 3780 696 3838 oi
710 3784 762 3839 τού
777 3779 881 3854 κόσμου
898 3780 1047 3853 ἄρχοντες,
1068 3780 1142 3855 εἶχέν
1157 3802 1186 3838 τε
1205 3784 1252 3840 sal
1275 3782 1384 3855 ὠνόμα-

287 3851 349 3918 {rar
365 3853 538 3906 Secretarinm
555 3854 622 3908 idem
638 3853 737 3909 Latinis
754 3854 834 3921 audit,
851 3860 878 3908 et
896 3856 1003 3909 Graecis
1020 3850 1214 3925 inproperium
1250 3855 1384 3909 Cedrenua

288 3920 317 3973 in
334 3924 421 3975 [ποατ
438 3923 572 3977 Armenio:
590 3921 741 4009 δεξόμενος
755 3917 805 3984 τοὶς
822 3918 950 3992 μηνύσεις
967 3919 982 3979 ὁ
1001 3918 1126 3995 βασιλεύς
1143 3918 1173 3976 ἒν
1189 3924 1250 3985 τοῖς
1261 3918 1384 3993 όσηιιρη-

288 3991 373 4053 τείοις
391 3984 520 4058 ἐκάθισε,
548 3989 597 4045 rol
612 3990 730 4065 ακριβής
745 3986 890 4061 ἐξεταστὴς
905 3996 960 4045 τῶν
976 3988 1158 4063 μηνυθέντων
1177 3984 1293 4059 ἐγίνετο.
1329 3992 1385 4045 Ou-

288 4060 420 4145 ropalates
436 4060 463 4112 in
480 4060 776 4183 MQMQTMMMH‘
793 4055 905 4145 ηφνμὴ
923 4056 955 4146 δὲ
972 4058 1043 4145 πρός
1058 4055 1107 4116 τόν
1124 4057 1299 4146 ἱππόδρομον
1302 4054 1386 4183 Ipoposci

288 4145 1387 4269 {irlttttgtn.“irtttbttihzlhillitilibibinis-itt

289 4283 307 4321 a
323 4267 440 4323 Cedreuo
456 4268 554 4339 scripti
589 4285 623 4322 er
638 4269 678 4323 bis
694 4269 788 4340 colligo
810 4270 1056 4341 προτοασηιρῆτιν
1078 4270 1112 4325 ab
1138 4269 1237 4326 moenis
1263 4268 1385 4341 principis
