3092 4942
341 371 389 440 aa
676 365 822 434 ουσιαι
847 365 1144 462 conoranrrre

437 542 611 629 ’Λπίρχετυι
627 538 717 607 πάλιν
731 537 747 607 ὃ
761 538 907 624 βασιλεὺς
919 543 969 604 καὶ
984 537 1062 604 κατά
1076 537 1131 622 τὴν
1145 535 1252 627 ἑορτὴν
1263 543 1323 604 τάν
1336 563 1430 604 κατα-

341 644 455 712 θεσίων
472 651 527 730 τῆς
545 647 647 730 τιμίας
668 646 800 728 ἐσθῆτος
817 650 872 727 τῆς
893 639 1038 707 θεοτάκου
1056 645 1098 719 εἲς
1110 640 1163 707 τὸν
1175 647 1237 707 τῶν
1250 645 1432 729 Βλαχερνῶν

234 769 258 821 Ρ
274 763 324 821 114
340 746 422 828 ναόν,
448 745 700 814 ἀκολουθούντων
712 755 773 811 τῶν
786 743 966 832 Βαράγγων,
993 741 1034 821 ὡς
1049 741 1260 832 καὶπρότερον
1275 743 1404 828 εἴπομεν.

437 851 611 938 ’Λπίρχεται
625 852 658 915 δὲ
672 852 714 926 είς
726 848 781 932 τὴν
796 845 882 934 άγίαν
900 847 1019 936 Σοφίαν
1042 850 1092 911 καὶ
1107 847 1185 911 κατά
1208 847 1264 930 τὴν
1285 845 1430 936 κυριακὴν

339 961 395 1039 τῆς
405 952 598 1039 ὄρθοιλοξίας.
619 955 670 1018 καὶ
685 949 733 1016 ὅτε
746 952 802 1033 μὲν
815 947 1046 1037 ἀναγινώσκεται
1060 949 1094 1014 τὸ
1107 947 1274 1028 σονοδικάν,
1296 954 1453 1028 incarnat

339 1064 394 1143 τῆς
408 1057 558 1143 εὐφημίας
573 1056 607 1121 δέ
618 1055 779 1141 λεγομίνης
793 1050 928 1138 κάθηται
945 1054 992 1118 ἐπὶ
1004 1052 1120 1141 θρόνου
1136 1052 1240 1118 αὐτοῦ.

436 1158 501 1224 Ἔτι
510 1158 672 1245 άσίρχεται
684 1159 734 1221 καὶ
746 1157 824 1222 κατά
836 1156 890 1242 τὴν
903 1153 1067 1222 ἀνάστασιν
1080 1160 1135 1220 τοῦ
1148 1151 1233 1240 άγίου
1247 1155 1297 1219 καὶ
1311 1151 1433 1218 δικαίου

339 1261 491 1349 Λαζάρου
508 1263 551 1338 εἰς
564 1261 619 1346 τὴν
635 1259 685 1325 ἐπ’
700 1257 826 1344 ὀνόματι
842 1259 938 1326 αὐτοῦ
952 1259 1122 1343 τιμωμένην
1143 1259 1311 1341 σεβασμίου
1323 1252 1432 1339 μονήν.

438 1364 564 1440 Ἐνταΐς
573 1365 775 1448 δηλωθείσαις
790 1353 844 1429 orla
857 1360 991 1439 άπάσαις
1000 1341 1118 1451 ἕορτάῖς
1133 1361 1187 1426 οὐκ
1202 1363 1245 1438 εἲς
1257 1357 1329 1434 τοὺς
1342 1355 1433 1422 ἕσπε-

341 1467 442 1556 ρινοὺς
454 1463 547 1548 μόνον
558 1465 673 1549 ὕμνους
687 1465 846 1551 άπίρχεται
859 1465 938 1530 ἀλλὰ
953 1467 1004 1530 καὶ
1021 1469 1064 1542 είς
1074 1463 1130 1541 τάς
1142 1463 1336 1549 λειτουργίας.
1443 1471 1474 1527 10

300 1577 324 1632 Β
437 1567 532 1645 Ἔθος
543 1569 580 1634 δέ
592 1571 655 1636 ἔστι
670 1572 720 1633 καὶ
732 1569 789 1646 τὰς
803 1569 959 1654 γινομένας
971 1570 1002 1634 ἓν
1014 1577 1078 1644 τοῖς
1089 1567 1302 1650 μοναστηρίοις
1313 1557 1433 1648 ἑορτάς,
1515 1615 1516 1626 2

338 1670 450 1748 καθὼς
465 1669 580 1757 εἴρηται
585 1720 596 1752 ,
619 1670 673 1737 τὸν
688 1677 744 1738 rori
756 1672 907 1752 βασιλέως
922 1669 1053 1759 τζάγκαν
1072 1670 1204 1758 φέροντα
1220 1667 1255 1733 τὸ
1270 1666 1432 1746 διβίλλιον,

337 1773 417 1858 πλὴν
429 1776 621 1861 σκουταρίου,
647 1775 694 1840 ἰπὶ
707 1781 768 1841 τῶν
782 1773 873 1858 ὤμων
887 1771 1024 1860 πλάγιον,
1049 1769 1302 1839 ἀκολουθούντων
1318 1768 1372 1833 καί
1384 1793 1432 1831 τι·

337 1901 399 1942 νων
421 1881 482 1947 τοῖν
505 1883 561 1959 τῆς
584 1877 695 1960 αὐλῆς,
734 1877 983 1966 προαπίρχεσθαι
1005 1881 1048 1955 εἷς
1070 1876 1105 1942 τὸ
1130 1882 1185 1960 τῆς
1207 1872 1300 1956 οάσης
1325 1869 1433 1956 ἕθρϊῆς

336 1977 540 2066 μοναστήριον
563 1983 615 2046 καὶ
637 1981 793 2064 ἀναμένειν
814 1980 867 2046 τὸν
888 1981 1034 2063 βασιλέα,
1062 1979 1194 2062 κατέχειν
1206 2003 1237 2042 τε
1253 1973 1365 2059 ὁμοίως
1378 1974 1430 2036 καὶ
1441 1985 1470 2039 15

275 2093 281 2107 “
337 2080 484 2165 λαμπάδα
503 2081 684 2168 βασιλικήν,
718 2085 881 2169 ἐρχομένου
906 2084 940 2148 δὲ
960 2089 1016 2149 τοῦ
1036 2081 1186 2163 βασιλίως
1208 2079 1311 2144 ἅπτειν
1334 2073 1430 2158 αάτην

338 2182 438 2250 ἐπάνω
454 2192 508 2249 τοῦ
525 2188 687 2268 διβελλίου,
716 2186 851 2266 κατέχειν
861 2210 893 2251 τε
907 2184 1006 2273 ὀρθὸν
1018 2185 1107 2268 μέχρι
1120 2189 1174 2268 τῆς
1189 2178 1364 2256 άπολάσεως
1378 2179 1430 2242 ἔκ-

337 2287 390 2363 τὸς
405 2291 466 2351 τῶν
485 2282 604 2372 ὡραίων
621 2286 787 2372 λεγομίνων
803 2292 906 2352 πυλῶν
921 2285 988 2370 ἤτοι
1003 2288 1035 2352 ἕν
1054 2293 1098 2375 τῷ
1110 2283 1243 2375 προνάῳ.
1293 2279 1309 2346 d
1327 2282 1360 2347 δὲ
1375 2277 1429 2344 λά·
1453 2273 1457 2278 ’

337 2384 392 2475 γος
412 2389 480 2472 περὶ
504 2395 560 2454 τοῦ
576 2397 641 2466 πῶς
661 2387 676 2454 ὁ
697 2385 827 2475 τζάγκας
847 2389 931 2478 φίρει
952 2389 988 2457 τὸ
1010 2390 1160 2474 διβίλλιον
1179 2391 1230 2454 καὶ
1253 2385 1308 2451 οὔκ
1326 2383 1429 2462 ἄλλος,

336 2491 498 2576 ἀγνοεῖται.
1436 2503 1469 2557 20

299 2610 323 2666 c
442 2592 506 2658 Καὶ
518 2598 614 2658 ταῦτα
626 2593 682 2676 μὲν
697 2593 737 2658 τά
749 2599 810 2659 τῶν
827 2591 956 2682 ἑορτῶν·
988 2595 1050 2659 ἐπεὶ
1065 2594 1101 2658 δὲ
1114 2590 1162 2659 ὅτε
1177 2591 1315 2677 ἐλέγομεν
1328 2587 1384 2666 τὰς
1397 2590 1429 2654 ἐν

335 2702 381 2788 τῷ
399 2692 537 2786 παλατίιρ
556 2701 612 2763 rori
631 2692 767 2782 μεγάλου
784 2699 963 2782 δομεστίκοά
982 2695 1147 2785 ὑπηρεσίας
1152 2744 1163 2776 ,
1184 2690 1428 2781 ἐπηγγειλάμεθα

404 2855 706 2914 Ίκυλδικυίουοιυλ

403 2995 455 3049 Die
471 3011 524 3080 qna
539 2994 634 3049 colitur
648 2996 772 3050 memoria
788 2995 924 3066 depositae
939 2997 1106 3051 venerandae
1121 2996 1203 3051 rectia
1213 2994 1346 3066 deiparae,
1363 3010 1425 3064 pro·

334 3063 462 3186 ίὶτὶεοὶῑρμ·
477 3073 622 3134 imperator
636 3067 670 3120 ad
685 3066 868 3122 Blachernium
891 3066 1012 3137 templum
1030 3067 1213 3122 comitantibus
1228 3065 1373 3132 Barangis,
1398 3074 1427 3116 ut

334 3142 413 3187 antea
447 3133 552 3192 iximoa.

401 3201 538 3254 Dominica
559 3201 730 3256 orthodoxiae
750 3202 808 3258 abit
828 3203 970 3273 imperator
990 3205 1023 3259 ad
1046 3205 1076 3256 S.
1100 3203 1216 3272 Sophiae
1236 3200 1373 3272 templana:
1399 3209 1427 3254 et

333 3268 550 3394 guandossllegitnr
566 3272 728 3340 synodicum,
744 3280 807 3326 atat.
841 3273 937 3326 deinde
953 3275 1041 3328 fausta
1057 3271 1242 3327 acclamatione
1257 3279 1366 3342 peraeta
1382 3289 1425 3324 ee·

352 3337 422 3393 etin
481 3355 532 3390 ono
549 3355 607 3391 auo.

400 3406 433 3459 In
450 3404 749 3460 terrenitatione'rancti
768 3415 797 3463 et
813 3407 877 3462 iusti
893 3409 989 3463 Lazari
1005 3410 1089 3464 tendit
1105 3410 1247 3482 imperator
1262 3409 1296 3464 ad
1313 3425 1424 3464 venera·

330 3475 385 3531 bile
400 3476 583 3530 monasterium
600 3477 670 3543 quod
685 3477 769 3544 iprina
786 3479 889 3531 nornine
905 3478 1058 3533 honoratur.

399 3545 431 3598 ln
446 3544 564 3598 omnibns
582 3545 722 3614 praedictis
737 3547 815 3600 tertia
831 3547 981 3602 nouaclum
998 3548 1032 3602 ad
1046 3564 1173 3618 vesperas
1187 3547 1261 3604 venit
1273 3549 1424 3620 imperator,

331 3615 379 3671 ted
398 3622 426 3667 et
442 3615 476 3668 ad
493 3613 622 3682 liturgiae.

397 3683 450 3737 Eat
467 3692 552 3747 autem
570 3681 650 3735 moria
665 3681 693 3735 in
709 3681 786 3736 festia
804 3700 872 3753 quae
891 3683 1055 3740 celebrantur
1070 3685 1099 3739 in
1115 3685 1297 3753 monasteriis,
1322 3689 1354 3746 ut
1375 3683 1424 3736 irn-

330 3751 461 3820 peratoria
483 3760 589 3805 mancae
610 3768 659 3805 eeu
682 3751 826 3806 calcearios
848 3755 919 3807 ferat
942 3755 1056 3808 homerio
1080 3754 1289 3822 adiuvandum,
1314 3762 1424 3822 excepto

329 3827 413 3888 acuto,
431 3820 611 3890 nonnullisque
628 3839 662 3874 ex
678 3821 738 3874 aula
754 3840 770 3874 a
786 3822 869 3875 latere
886 3823 1069 3878 comitantibus
1087 3827 1228 3895 praecedat
1243 3825 1277 3877 ad
1293 3830 1423 3875 monaste-

329 3888 406 3955 rium,
424 3890 470 3942 obi
483 3890 568 3944 featua
583 3891 640 3943 dier
656 3889 752 3958 agitur,
770 3899 798 3944 et
815 3891 853 3944 ibi
869 3903 1006 3961 exspectet
1019 3895 1202 3964 inperatorem
1217 3900 1244 3944 et
1259 3887 1348 3944 teneat
1358 3890 1423 3943 lam-

328 3957 422 4026 padem
439 3959 590 4030 imperatori
608 3961 738 4028 praeferri
754 3961 866 4027 solitam,
883 3977 960 4030 quam
979 3964 1103 4018 veniente
1120 3963 1277 4032 imperatore
1294 3960 1424 4028 accendit,

329 4033 358 4080 et
379 4025 469 4080 vexilli
491 4036 568 4081 canto
589 4029 697 4098 affigit„
720 4037 889 4098 erectumque
910 4037 984 4086 tenet
1009 4042 1087 4087 extra
1113 4031 1247 4101 speciosas
1276 4050 1341 4116 quas
1374 4052 1423 4086 vo-

328 4102 391 4147 cant
423 4103 528 4166 portae,
559 4095 609 4150 hoc
634 4108 676 4157 eat
698 4096 726 4150 in
748 4098 880 4153 vestibulo
905 4101 1048 4170 ecclesiae,
1080 4117 1163 4168 usquo
1192 4099 1225 4152 ad
1253 4120 1294 4156 rer
1317 4102 1424 4157 divinae

327 4165 517 4287 molliorum
544 4173 646 4236 aarum,
670 4169 800 4236 quomodo
824 4176 930 4222 tranen
958 4179 986 4225 et
1007 4189 1060 4224 nou
1085 4167 1151 4224 aliur
1177 4169 1299 4224 vexillum
1325 4179 1424 4242 portet,

326 4250 374 4288 ner
444 4270 452 4288 .

394 4304 433 4356 Et
448 4302 514 4358 haec
536 4304 570 4357 de
587 4302 673 4357 sertia.
706 4304 769 4388 quia
792 4323 857 4360 vero
882 4322 940 4360 cunr
964 4322 1153 4377 exponeremus
1176 4308 1264 4378 magni
1286 4309 1424 4365 domestici

324 4371 414 4426 officia
430 4373 458 4427 in
474 4372 588 4444 palatio,
608 4372 719 4446 pollicitr
735 4389 823 4428 armna
839 4392 888 4429 noa
905 4375 985 4430 etiam
1002 4376 1180 4447 explicaturos
1202 4395 1234 4432 ea
1251 4379 1340 4433 officia
1357 4397 1424 4448 quae
