3092 4942
501 320 546 390 Ill
566 318 716 392 coum
733 320 818 390 Ghl'.
837 318 933 392 xlv.
1166 319 1255 394 329

161 485 217 547 uici
231 484 397 547 osculumse
409 479 542 561 abiicere,
564 483 593 544 si
601 483 633 545 id
644 483 819 546 cousuetudo
827 483 1009 565 permitteret.
1028 481 1256 564 -Iegatusquo-

160 591 219 650 que
232 572 492 632 confoederatomm
507 571 647 630 Ordinum
658 569 765 648 Bdgii,
792 588 871 629 anna
882 569 981 629 salutis
996 573 1076 634 1612
1091 571 1202 651 Cpolim
1217 573 1257 630 ad

159 663 274 737 portam
286 653 501 716 ‘Ottomanicam
518 655 619 714 missus
640 661 671 714 et
689 656 847 731 admissus,
873 656 1068 715 vestimentum
1081 656 1256 734 imperatoris

53 753 56 763 '
159 743 276 808 Turcici
289 746 418 820 prompte
431 745 461 798 et
474 739 602 800 alacriter
615 740 791 800 deosculatus
811 746 872 819 est,
899 740 1058 816 etquidem
1077 741 1155 800 flexis
1176 741 1257 818 geni·
1359 814 1361 821 Α

157 828 234 906 bus,
262 831 295 887 ut
309 826 404 884 videre
422 825 487 884 licet
505 823 536 884 in
549 824 857 904 Ecclesiasticopolitioa
872 824 1007 884 Chronol
1026 825 1132 885 inserta
1151 831 1219 885 tona
1233 827 1256 889 8

157 914 222 972 eius
235 911 344 992 operis,
375 910 453 986 quod
466 908 628 970 Chronicon
641 910 842 970 Chronicorum
858 910 1025 970 inscribitur.
1046 909 1162 968 situle
1178 928 1257 969 rere·

158 997 272 1058 sentiae
291 1013 380 1074 genus
400 993 526 1074 pontifici
544 993 675 1056 Romano
694 995 749 1054 iste
765 995 951 1074 exhibuisset,
970 994 1129 1073 inexpiabili
1153 995 1256 1053 scelere

158 1100 226 1142 sese
247 1079 414 1140 obstrictum
426 1079 602 1139 credidisset
628 1080 714 1158 fquid
735 1082 812 1156 quod
834 1079 936 1140 Batavi
958 1079 1114 1139 Calviniani
1136 1079 1256 1157 pedibus

159 1167 222 1226 suis
243 1164 338 1226 oscula
350 1163 419 1223 ferri
435 1165 513 1224 haud
531 1181 616 1244 segre
636 1165 711 1245 passi
733 1164 823 1223 sunt?
863 1183 929 1224 uam
947 1164 984 1224 in·
997 1164 1177 1242 nauigatione
1196 1162 1257 1221 Au-

157 1250 241 1312 strali
255 1249 350 1312 Iacchi
364 1251 388 1310 le
401 1247 504 1325 Moris,
524 1248 630 1310 Leidae
646 1251 676 1308 in
690 1249 842 1310 Hollandia
853 1251 931 1330 typis
947 1268 1049 1313 excusa
1061 1269 1136 1310 anno
1148 1249 1258 1308 redem-

158 1336 253 1418 ptoris
268 1337 367 1412 1619,
387 1333 457 1394 haec
476 1335 589 1414 prodita
606 1340 675 1394 sant
694 1333 826 1394 deludis
845 1335 1029 1412 quibusdamt
1060 1339 1108 1414 pai
1121 1336 1260 1398 turdos

149 1437 258 1484 'nm
269 1425 386 1480 mabam
400 1420 859 1500 carpentoractensem
874 1421 985 1500 pedibas
999 1424 1096 1480 nodas
1115 1419 1203 1478 orario
1215 1420 1260 1498 fl-

158 1507 269 1585 gabant.
310 1503 394 1584 paulo
415 1509 500 1582 post,
521 1509 554 1562 ut
568 1507 682 1584 pansum
704 1523 797 1564 auocat
816 1505 998 1566 cusmidem
1020 1503 1168 1586 (ludorum
1184 1501 1257 1583 rei),

156 1591 299 1674 procidens
315 1592 344 1658 tn
359 1607 448 1666 gerrae
462 1610 495 1649 oc
504 1589 672 1668 procumbens
685 1591 714 1648 r‘n
722 1589 824 1668 sociem
832 1610 923 1670 meru
935 1611 999 1649 raas
1011 1590 1119 1668 effodi.
1160 1589 1258 1650 marn

159 1676 201 1736 nd
224 1675 355 1754 inferiora
381 1676 478 1746 acob,
505 1677 600 1735 iterum
620 1676 799 1754 procumbens⁴
812 1675 937 1734 monuit
960 1681 1013 1734 ete
1054 1677 1257 1754 conitoripriar

155 1759 241 1844 pedes
255 1757 602 1834 mencenenterius,
618 1764 786 1839 occcptorqac
809 1781 851 1818 eos
870 1760 991 1819 sionibus
1011 1763 1066 1818 nde
1078 1762 1260 1835 capitiinrpo-

159 1847 259 1906 nebaat
268 1843 307 1904 ud
318 1843 494 1902 dembdmetn
506 1844 737 1922 mhiedionempue
753 1843 988 1904 demirandam.
1030 1849 1061 1901 et
1074 1844 1188 1919 quinam
1201 1843 1260 1918 isti,

161 1929 268 2008 quibus
281 1927 440 1986 lubentibus
453 1931 551 1988 tantus
564 1928 610 1986 hic
622 1928 712 1986 honos
732 1927 865 1987 delatus?
891 1929 1049 2008 praedones
1061 1933 1092 1985 et
1105 1929 1213 2004 piratae
1225 1943 1260 1984 ex

160 2013 274 2090 Caluini
287 2012 414 2091 officina,
435 2013 484 2089 qui
500 2012 628 2073 fortassis
640 2013 747 2072 hostias
765 2031 888 2090 quoque,
907 2013 933 2071 si
945 2012 1009 2073 Indi
1022 2031 1070 2071 eus
1084 2010 1260 2088 obtulissent,

162 2100 244 2160 haud
257 2099 467 2178 repudiassent,
486 2103 519 2156 ut
531 2100 636 2158 sactum
649 2097 765 2157 aPaulo
779 2103 809 2156 et
824 2097 957 2156 Bernaba
969 2095 1032 2156 Act
1048 2096 1104 2173 14,
1125 2115 1187 2154 cum
1202 2092 1261 2172 Ly-

159 2191 288 2246 strenses
301 2184 341 2242 eis
354 2179 515 2241 sacrificium
528 2202 580 2242 ceu
592 2184 655 2242 ¹Iovi
671 2189 702 2242 et
714 2183 853 2243 Mercurio
864 2187 1043 2261 appararent
1083 2181 1185 2256 quibus
1204 2180 1261 2238 da-

160 2267 289 2330 moribus
302 2272 405 2325 terram
418 2271 450 2324 et
462 2268 575 2328 aethera
594 2287 653 2327 non
670 2268 857 2348 complerent,
877 2266 903 2326 si
921 2272 972 2325 aut
990 2266 1020 2325 in
1038 2264 1116 2326 libris
1135 2266 1262 2344 legerent
1305 2312 1307 2321 .

161 2359 216 2416 aut
245 2351 379 2410 relatione
399 2349 516 2412 aliorum
538 2353 694 2432 aociperent
714 2353 875 2434 pontificem
893 2349 1053 2412 Romanum
1074 2370 1132 2410 uon
1149 2356 1261 2410 tautum

159 2437 328 2522 permittere
346 2441 380 2498 ut
404 2436 466 2513 quis
485 2439 573 2516 pedes
594 2439 652 2496 eius
666 2438 822 2515 osculetur,
844 2437 896 2496 sed
909 2444 940 2496 et
950 2433 1072 2497 tolerare
1084 2443 1119 2496 ut
1134 2437 1197 2513 quis
1211 2455 1262 2516 pa·

160 2525 214 2584 des
230 2523 317 2600 capiti
329 2522 359 2580 in
371 2528 566 2599 ammentum
579 2523 756 2582 subiectionis
769 2520 920 2602 imponat?

213 2653 217 2670 i
248 2605 312 2667 Lib.
330 2610 347 2669 1
370 2605 467 2666 histor.
491 2608 680 2668 Cantacuaeni
699 2627 723 2665 e.
748 2613 785 2674 16
808 2607 950 2665 osculatur
972 2606 1065 2666 iunior
1083 2602 1261 2664 Andronicus

160 2692 281 2754 senioris
296 2690 462 2769 Andronici,
488 2693 535 2752 avi
547 2694 607 2771 sui,
627 2693 745 2772 pedem3
772 2692 822 2750 ubi
837 2692 964 2750 additur:
981 2708 1049 2749 more
1062 2690 1196 2750 Romanis
1208 2693 1262 2748 inr-

156 2779 328 2860 pcroton'bus
347 2782 478 2856 receptum
497 2783 571 2850 erat,
598 2796 658 2836 cum
676 2777 809 2856 adeptura
827 2779 1079 2852 cnnangrciaeoran
1096 2779 1147 2832 cut
1160 2775 1264 2852 adopet

160 2865 259 2941 gratia
285 2861 359 2940 opud
381 2880 423 2921 eor
439 2862 593 2940 florentiam
615 2861 757 2923 troadam
780 2859 958 2919 adnationes
981 2861 1072 2937 pedam
1096 2862 1262 2937 inperatoris

161 2947 253 3008 aedo
270 2947 431 3022 contigisset,
451 2949 483 3003 ret
495 2939 635 3024 imperator
649 2946 768 3004 uicinia
782 2947 840 3003 aas
850 2944 954 3024 sociem
969 2943 1173 3003 denunciaretur.
1203 2962 1262 3003 aon

160 3038 258 3110 itaque
274 3037 331 3090 tum
346 3049 424 3108 nepa
440 3033 489 3088 aar·
501 3030 592 3108 pedem
609 3031 744 3090 oscalutur
757 3029 876 3109 fideret,
896 3027 957 3104 illc,
976 3047 1009 3086 ne
1028 3028 1188 3107 inexpiabili
1205 3029 1266 3088 odio

157 3121 288 3199 flagrare
311 3114 460 3173 necantur
480 3117 506 3174 rt
528 3135 575 3174 nec
594 3119 629 3176 ri's
649 3120 764 3195 epotam
776 3120 804 3173 et
822 3118 1003 3192 inperatorem
1021 3113 1180 3189 &macer
1198 3136 1266 3194 quas
1335 3119 1339 3127 “

161 3203 281 3282 priuatis
300 3200 490 3276 iubeamus,
509 3198 612 3278 facian
627 3203 684 3259 aar
699 3205 791 3259 conbu
805 3205 831 3258 et
854 3202 909 3278 ipse
931 3197 1018 3258 meula
1043 3197 1148 3264 libant.
1189 3201 1265 3260 idem

164 3285 344 3346 Andronicus
359 3283 451 3344 iunior
462 3284 563 3345 iterum
572 3285 617 3344 avi
630 3285 731 3363 pedem
744 3283 855 3363 publioe
866 3283 1008 3342 osculatus
1021 3288 1066 3342 est
1078 3281 1165 3358 1'343
1187 3288 1265 3361 quod

165 3393 191 3432 c.
206 3373 250 3436 50
263 3376 399 3446 tauquam
412 3388 574 3449 expressum
585 3369 764 3430 subiectionis
785 3369 917 3428 indicium
936 3369 1079 3448 repetitur.
1120 3371 1142 3430 2
1163 3370 1268 3434 bPer-

149 3504 152 3510 .
165 3475 216 3516 saa
229 3453 421 3515 Andronicum
432 3455 567 3514 iuniorem
576 3457 771 3534 imperatorem
781 3461 933 3530 antequam
946 3453 1198 3534 appropinquaret,
1218 3475 1266 3516 ca-

111 3538 122 3576 s
165 3540 275 3620 pitibus
294 3539 371 3598 humi
395 3540 538 3600 submissis
555 3541 719 3604 adorabant.
762 3540 815 3598 sed
833 3540 963 3620 princeps
983 3538 1131 3597 Persarum
1152 3543 1190 3599 ad
1202 3560 1267 3601 eum
1292 3575 1297 3584 ·

166 3624 290 3706 pedibus
310 3626 450 3684 accedens
472 3632 503 3685 et
524 3625 662 3685 adorabat
683 3631 713 3684 et
734 3626 835 3703 pedem
856 3625 929 3683 illius
953 3624 1138 3684 osculababrr.
1179 3625 1267 3690 888

166 3714 361 3790 protostrator
379 3729 442 3768 eum
455 3711 512 3768 suis
526 3712 627 3790 pedem
639 3710 753 3770 Ioannis
766 3710 958 3768 Cautacuzeui
971 3709 1146 3787 imperatoris
1159 3711 1269 3769 oscula-

167 3799 224 3854 tur.
266 3791 392 3853 idem'fit
410 3793 446 3852 ab
467 3795 527 3854 aliis
549 3816 573 3855 a
588 3795 639 3860 40.
669 3796 743 3854 idem
762 3795 799 3853 ab
813 3795 902 3853 alioc
917 3795 975 3871 42,
997 3792 1265 3858 etaPersis410.

39 3897 41 3904 ⁴
168 3873 248 3942 343
263 3877 380 3940 Triballi
396 3878 519 3939 eiusdem
534 3881 820 3957 Cuntacuzeuigenu
838 3877 1007 3938 osculantur.
1041 3878 1168 3958 exempla
1181 3880 1268 3940 osculi

169 4065 196 4105 c.
216 4045 266 4109 41.

238 4128 302 4182 ibid.
336 4126 369 4181 de
393 4129 549 4200 imperatore
575 4127 671 4183 minora
693 4129 813 4185 maiorem
834 4128 962 4182 salutante
988 4132 1015 4181 et
1038 4128 1091 4181 eius
1106 4127 1198 4211 pedem
1220 4146 1268 4182 ex·

170 4195 302 4250 osculante
324 4204 353 4250 st
375 4199 407 4252 ab
429 4198 517 4253 eodem
539 4195 591 4252 oris
616 4199 728 4253 osculum
755 4204 907 4269 reportante
928 4199 1066 4251 Gretsem
1088 4197 1131 4250 hro
1154 4197 1268 4265 egregia

171 4265 201 4313 at
225 4264 248 4316 si
268 4265 335 4318 alter
359 4267 432 4320 alteri
455 4284 534 4337 eques
559 4274 691 4328 occurrat,
712 4267 772 4338 quid
794 4267 1081 4320 tumiCsntacuzenus
1100 4266 1180 4320 1352
1199 4261 1268 4330 ἔθος

172 4323 358 4406 ἐπεκράτησεν
373 4330 492 4408 ἀρχαῖον
511 4331 589 4408 παρὰ
606 4340 666 4400 τοῖς
685 4333 833 4408 ‘Pauidus
856 4334 1026 4406 saccaron,
1049 4327 1121 4389 brar
1134 4327 1268 4407 μέλλωσιν

169 3961 216 4024 flu
229 3963 315 4024 ocus
332 3969 363 4026 et
376 3963 554 4075 fascinans
574 3966 651 4045 apua
674 3966 828 4025 caeca.
850 3964 868 4027 1
893 3964 950 4042 16,
977 3965 1109 4025 caterae
1127 3985 1152 4024 a
1172 3963 1219 4028 aa·
1237 3970 1269 4024 et
1354 3967 1360 3971 ’
1415 3930 1418 3937 ’
