3092 4942
479 332 648 404 GOARUS
674 334 728 400 AD
755 333 995 406 LECTOREM.
1247 364 1284 411 xx

182 536 344 614 sudaverit,
374 531 488 596 Mecrsii
508 533 634 614 pluribus
655 533 685 592 in
698 531 766 592 loris
784 533 958 594 demonstrat
979 538 1139 600 enendatio
1160 545 1191 600 et
1203 542 1284 603 insti.

184 646 247 699 tuta
271 657 323 716 per
347 636 512 698 Gretserum
528 638 619 697 versio
647 655 681 695 ac
706 636 736 694 in
763 636 864 714 amplis
886 637 1053 716 &musque
1079 646 1284 704 commentariis
1393 701 1397 709 ,

182 743 309 802 eiusdem
322 740 424 799 Codini
442 739 607 810 illustrati03
636 738 689 796 sed
713 755 777 796 cum
792 757 827 797 ea
844 757 903 814 qua
915 739 1065 802 Gremerus
1084 752 1179 806 aetate
1193 755 1286 808 vena

182 845 253 922 bat,
286 863 369 902 voces
393 841 456 902 illae
480 841 637 900 neotericae
659 839 795 900 Graeciae
816 841 944 901 nondum
967 841 996 901 in
1020 845 1159 907 Occiduas
1188 857 1286 929 partes

183 951 279 1005 essent
301 943 419 1022 allatae,
445 947 596 1022 propterea
615 943 697 1002 venia
721 944 825 1021 diguus
843 948 890 1004 est
909 944 952 1002 vir
969 964 1038 1005 sane
1059 947 1096 1005 de
1115 968 1146 1008 re
1166 950 1289 1010 literana

184 1050 257 1108 bene
276 1049 405 1124 meritus,
432 1031 514 1104 cuius
532 1046 637 1124 scripta
658 1043 774 1104 multam
793 1046 950 1106 doctrinam
968 1048 1131 1127 continent,
1159 1051 1288 1114 doctrina

184 1153 319 1232 pictatem
340 1149 417 1230 sapit
435 1153 466 1206 et
486 1149 524 1206 ad
536 1148 715 1208 sanctitatem
732 1148 841 1206 accedit
859 1147 967 1227 pietas,
987 1149 1144 1211 sialiorum
1162 1163 1287 1215 mentem

183 1260 296 1313 secutus
316 1253 346 1311 in
369 1269 466 1310 eorum
480 1251 583 1310 menda
604 1249 753 1330 prolapsus
774 1250 931 1329 impegerit
973 1269 1033 1312 uon
1053 1254 1128 1312 crus
1146 1254 1193 1315 ille
1209 1258 1288 1316 solus

184 1361 228 1413 est
265 1355 315 1431 qui
349 1354 386 1412 ad
416 1353 548 1439 scopulos
577 1371 650 1429 quos
676 1352 793 1412 Mcnrsii
814 1352 989 1413 Glossarium
1017 1372 1052 1412 ex
1072 1357 1175 1433 potiori
1205 1366 1288 1436 parte

183 1453 392 1538 ἆλοβᾶρβαρον
413 1456 530 1534 exponit
549 1455 660 1515 allidat:
699 1457 724 1514 is
745 1456 820 1514 enim
838 1475 903 1515 eum
926 1475 1088 1534 germanam
1114 1458 1286 1521 Graecanrm

183 1579 217 1618 se
235 1559 392 1636 mulgarium
411 1577 511 1617 vocum
532 1564 655 1617 merrtem
675 1577 734 1616 non
752 1559 793 1618 sit
811 1563 967 1636 assecutis,
989 1560 1156 1636 sequacibus
1174 1537 1285 1622 foveam

184 1663 260 1740 iecit,
286 1663 315 1718 in
336 1677 422 1737 quam
441 1660 503 1738 ipse
523 1661 599 1738 prior
611 1660 717 1740 lapsru,
738 1661 793 1718 nisi
812 1679 831 1718 a
850 1660 1010 1720 reserationis
1025 1661 1212 1722 Graecanicae
1231 1665 1286 1723 lin-

184 1783 257 1842 guae
283 1763 354 1821 bene
381 1763 472 1840 perito
500 1763 654 1839 corrigatur
682 1762 837 1822 illustretur
861 1783 896 1822 ac
925 1763 1041 1822 ixdinitis
1071 1769 1286 1846 propemodum,

184 1885 257 1944 quae
280 1869 401 1944 possunt
420 1865 503 1941 addi,
537 1860 704 1924 dictionibus
722 1870 876 1943 augeatur,
904 1865 1014 1924 facilem
1032 1868 1126 1927 adbuc
1148 1871 1286 1930 secuturis

181 1969 328 2049 praebebit
347 1967 442 2046 lapsus
461 1965 641 2025 occasionem.
689 1968 782 2026 fateor
802 1967 967 2026 Gretserum
985 1973 1068 2026 eruta
1088 1971 1202 2029 metalla
1221 1991 1288 2030 exa-

102 2101 117 2121 1
181 2073 318 2148 mirasse,
340 2089 358 2128 a
378 2068 519 2148 plerisque
539 2067 624 2127 sinm
645 2074 676 2126 et
704 2067 866 2144 squalorem
886 2069 1052 2148 detersisse,
1071 2071 1101 2128 in
1113 2075 1288 2152 exponendis

182 2172 393 2248 emblematibus
416 2170 520 2249 Oedipi
540 2157 661 2248 gessisse
680 2189 847 2249 pesonam,
879 2177 910 2229 et
930 2170 1139 2252 characterum,
1170 2176 1220 2251 qui
1240 2177 1289 2236 vix
1403 2167 1407 2174 ’

184 2275 437 2354 dignoscebantur,
472 2273 645 2332 reconditam
662 2273 895 2351 significationem
914 2273 1113 2354 investigasse:
1149 2279 1202 2337 sed
1223 2299 1288 2340 cum

183 2380 296 2446 omnino
316 2377 354 2437 sit
373 2375 545 2454 impossibile
565 2375 610 2435 vel
629 2375 698 2434 nihil
724 2377 856 2454 ignorare
883 2374 929 2433 vel
953 2378 1077 2437 omniurn
1102 2381 1176 2438 votis
1202 2383 1289 2440 satis-

182 2483 288 2559 facere,
321 2478 476 2557 cumplures
498 2484 529 2536 et
543 2479 649 2556 egregii
670 2479 786 2554 quidem
803 2477 856 2536 viri
875 2476 983 2554 aliquid
1001 2487 1115 2559 praeter
1133 2483 1193 2556 eips
1208 2483 1289 2543 labo-
1327 2513 1333 2541 r

182 2603 257 2662 rem,
279 2602 338 2660 quo
350 2582 431 2641 labor
449 2583 568 2661 ipsemet
580 2579 763 2659 amplificans
780 2587 968 2660 affecerat,
987 2583 1198 2661 exspectabant
1239 2586 1288 2645 illa

181 2705 227 2744 me
248 2685 386 2744 desideria
404 2687 552 2743 movenmt
576 2687 609 2740 ut
634 2681 723 2740 multa
738 2682 931 2762 illustrarem,
955 2685 1133 2764 explanarem
1152 2688 1222 2765 alia,
1249 2690 1288 2747 de

182 2808 245 2848 meo
264 2787 399 2848 nonnulla
421 2785 591 2844 conferrem:
625 2785 732 2844 utinam
752 2785 867 2844 homine
888 2785 972 2846 Gallo
998 2794 1175 2848 monstrante
1201 2789 1286 2868 viam,

163 2871 265 2951 'semo
291 2890 322 2948 ar
349 2893 494 2969 parterm
520 2885 610 2946 eram
631 2886 744 2946 aumas
780 2894 866 2947 aas
903 2889 934 2947 a
965 2889 1084 2949 casas
1120 2891 1285 2969 peregrum

182 2994 301 3053 aberret
341 2992 371 3051 in
393 2990 511 3052 alienam
531 3007 650 3050 messem
670 3009 729 3049 uon
742 2991 815 3049 adeo
826 2991 926 3049 falcem
939 3009 1025 3065 quam
1043 2991 1186 3049 uberiores
1203 3011 1285 3070 sege-

182 3101 227 3152 tes
248 3093 376 3152 immitto.
419 3093 555 3152 Gretsero
578 3111 631 3152 sua
655 3097 734 3150 sarta
759 3097 836 3150 tecta
857 3091 972 3170 reliqui,
1006 3099 1037 3151 et
1062 3091 1140 3151 velut
1160 3094 1229 3152 data
1249 3113 1285 3155 ex

181 3195 294 3274 tripode
312 3213 449 3273 responsa
467 3213 530 3254 sum
555 3199 712 3252 veneratus.
761 3199 892 3271 superest
915 3199 948 3253 ut
974 3213 1048 3271 quae
1060 3199 1063 3203 ’
1076 3212 1139 3253 mea
1160 3203 1228 3254 sunt
1253 3205 1285 3255 et

182 3297 248 3356 iuris
264 3297 368 3376 publici
391 3297 519 3356 facienda
538 3297 634 3376 paucis
649 3313 825 3375 proponam,
844 3303 1002 3356 acmmtam
1015 3295 1120 3356 scilicet
1135 3297 1285 3356 Codiniaui

182 3406 276 3460 textus
304 3419 368 3460 eum
394 3399 530 3458 alterutro
559 3398 604 3458 vel
628 3398 711 3457 simul
737 3417 801 3460 cum
828 3398 939 3458 duobus
965 3397 1073 3478 Regiae
1101 3399 1286 3461 bibliothecae

181 3501 584 3584 exemplaribuscollationem
626 3506 735 3560 textum
754 3501 846 3579 ipsum
864 3520 923 3561 non
943 3503 982 3562 ad
992 3502 1210 3561 'abundantioris
1233 3504 1287 3562 do-

181 3606 287 3664 ctrInae
303 3605 520 3666 ostentationem
544 3603 595 3663 sed
615 3604 653 3662 ad
674 3603 824 3663 utilitatem
843 3605 993 3682 respiciens
1007 3605 1165 3664 emendavi:
1190 3622 1286 3663 emen·

180 3707 324 3767 aaronem
347 3707 393 3767 ver
413 3708 562 3767 recemum
588 3707 751 3766 varenses
777 3707 808 3765 a
835 3707 990 3783 marginem
1015 3705 1104 3766 raes
1145 3682 1195 3764 usi
1220 3725 1284 3766 mm
1347 3703 1352 3714 ⁴

179 3818 301 3889 unoque
313 3811 407 3890 Regio
420 3813 511 3870 minus
525 3811 673 3870 convenire
685 3809 819 3890 comperi,
844 3809 922 3868 locos
935 3808 989 3867 hoc
1002 3808 1093 3868 indice
1105 3815 1160 3870 atr.
1170 3809 1243 3888 Reg.
1253 3810 1287 3888 *)

180 3916 340 3993 designans
370 3913 421 3972 ubi
437 3931 504 3972 vero
523 3931 610 3972 unum
628 3911 773 3972 illoruma
794 3917 888 3970 textus
911 3911 1030 3970 lectione
1048 3912 1205 3991 discrepat,
1226 3913 1285 3992 pri-

181 4037 257 4077 mum
275 4016 424 4076 nummatis
443 3991 591 4077 'chaacter
610 4012 746 4076 Arabicus
772 4015 791 4075 1
812 4013 961 4092 indigitat,
991 4017 1059 4080 ac2
1087 4013 1206 4074 alterum
1226 4011 1284 4095 **).

227 4236 256 4306 *)
272 4254 342 4292 nnnc
358 4235 413 4294 AB.

213 4327 254 4398 **)
276 4347 346 4384 nunc
362 4327 386 4382 A
403 4334 431 4382 et
445 4326 478 4381 B.
