3092 4942
279 325 328 399 88
594 323 743 394 couuu
766 315 1061 392 GUROPALATAE
1098 355 1101 364 ·

243 505 268 559 c
386 493 482 564 Μετδ
493 499 583 564 τοῦτο
595 494 695 562 τοίνυν
708 489 865 580 ἀνίρχεται
884 491 932 560 lul
952 492 1005 561 τόν
1025 489 1173 580 τρίκλινον
1186 491 1239 560 τδν
1252 490 1378 578 λεγόμε-

282 625 335 668 νον
351 599 528 684 Θωμαίτην,
555 598 633 687 πρὸς
644 597 697 664 τόν
711 599 936 683 Αάγουστεῶνα
950 595 1133 686 ἀφορῶντα,
1162 593 1238 663 όπου
1252 595 1286 663 τό
1299 599 1379 681 πλῆ-

282 710 343 783 θος
357 699 438 768 ἀπαν
451 703 574 770 ’ίσταται
585 701 662 786 μετὰ
677 707 733 767 τοῦ
749 697 919 788 φοσσάτου.

384 804 456 892 Πρδ
469 811 525 871 τοῦ
540 811 672 892 φανῆναι
687 797 741 869 mlv
758 803 852 869 αδτὸν
871 797 922 868 διά
943 827 1023 879 τινος
1037 805 1098 868 τῶν
1113 806 1326 888 συγκλητικῶν,
1352 791 1379 890 ᾧ

285 907 324 974 ἀν
337 907 470 987 ἐπιτάξαι
486 901 503 974 ό
518 902 679 991 βασιλεός,
704 905 859 994 ῥίπτονται
882 906 923 982 είς
944 901 997 970 τόν
1019 904 1093 971 λαόν
1113 904 1288 990 ἀλέγουσιν
1312 903 1405 971 lna-5

286 1009 410 1094 κόμβια.
460 1009 523 1078 ἔστι
539 1010 572 1075 δὲ
586 1016 732 1077 τοιοῶτον.
782 1003 927 1092 τμήματα
945 1006 978 1072 ἔκ
999 1007 1114 1074 πανίων
1129 1004 1304 1087 κόπτοντες,
1329 1007 1381 1071 καλ

287 1109 449 1202 intulero
463 1109 599 1198 oporinum
612 1114 786 1196 νομίσματα
795 1117 898 1199 χρυσῶ
912 1111 967 1194 μὲν
981 1112 1051 1198 τρία
1065 1110 1184 1197 ἀργυριλ
1199 1110 1232 1175 δὲ
1246 1113 1382 1177 τοσαῶτα

207 1232 213 1250 “
287 1219 337 1283 καὶ
350 1217 420 1303 τρία
434 1218 467 1294 ἐξ
482 1217 601 1299 ὀβολῶν
612 1210 843 1303 περιδήσαντες,
866 1212 1021 1301 ῥίπτουσιν
1036 1215 1077 1292 είς
1096 1211 1131 1278 τό
1153 1217 1284 1298 πλῆθος.
1336 1209 1385 1301 ῥί-

286 1342 396 1385 πτουσι
410 1318 444 1384 δὲ
458 1316 613 1397 τοιούτους
630 1316 822 1400 ἀποδὲομσυς
836 1316 972 1404 ἀριθμόν
983 1313 1131 1399 χιλιάδων
1146 1313 1218 1382 ὅσον
1235 1313 1273 1380 ἀν
1285 1337 1385 1402 προσ-

281 1414 374 1500 τάξαι
391 1417 407 1488 ό
421 1417 576 1503 βασιλεός.
625 1420 796 1503 εδθισμίνσν
813 1422 848 1486 nl
861 1421 922 1486 ἐστι
937 1417 1049 1508 ῥίπτειν
1063 1417 1102 1486 τά
1116 1425 1242 1490 τοιαῦτα
1257 1413 1384 1500 ἓπικόμ-
1393 1427 1429 1484 10

251 1527 276 1582 Ι)
292 1531 348 1607 flou
361 1525 470 1602 ἕντοῖς
483 1526 658 1612 προαυλίοις
672 1531 727 1590 τοῦ
741 1530 798 1608 τῆς
811 1520 944 1609 μεγάλης
956 1523 1115 1606 ἐκκλησίας
1130 1527 1205 1588 ναοῦ
1212 1569 1223 1601 ,
1247 1519 1340 1606 ἤγουν
1354 1521 1387 1586 ἓν

149 1624 155 1633 ’
290 1617 446 1717 ᾦείρηται
461 1628 693 1713 Αάγουστεῶνι,
716 1622 877 1712 ἶσταμίνου
892 1632 947 1692 τοῦ
967 1625 1122 1713 ῥίπτοντος
1138 1621 1238 1691 ἀπάνω
1255 1629 1316 1690 τῶν
1330 1627 1387 1689 ταῶ

290 1729 529 1815 Αάγονστεῶνος
542 1733 719 1812 βαθμίδων.

391 1835 487 1899 Μετὰ
509 1835 542 1898 δὲ
560 1842 650 1900 τοῦτο
672 1831 688 1899 ό
712 1833 778 1908 νέος
799 1827 944 1913 βασιλεὺς
959 1829 1007 1896 ἐπὶ
1023 1831 1205 1918 σκουταρίου
1221 1829 1388 1906 καθεσθείς

293 1934 447 2017 ἀπαίρεται
469 1938 511 2015 είς
527 1933 625 2021 δίψος,
650 1938 700 2002 καὶ
717 1936 856 2023 φαίνεται
874 1940 950 2000 πᾶσι
969 1942 1032 2011 τοῖς
1054 1929 1194 2000 κάτωθεν
1219 1931 1387 2015 δσταμίνοις
1397 1940 1433 1997 15

292 2035 452 2122 πλήθεσιν.
500 2039 660 2124 κατέχουσι
677 2042 710 2105 δὲ
724 2034 763 2104 τά
778 2038 833 2120 μὲν
847 2033 1020 2124 ίμπροσάεν
1033 2042 1088 2119 τῆς
1104 2031 1232 2113 ἀσπίδος
1249 2030 1342 2112 αάτός
1355 2057 1389 2099 τε

294 2134 311 2204 ό
332 2143 478 2222 βασιλεδς
500 2146 557 2208 καὶ·
575 2136 677 2231 πατὴρ
697 2149 752 2209 τοῦ
777 2137 1050 2226 ἀναγορευομίνου,
1082 2137 1135 2205 δάν
1160 2141 1219 2220 ζῶν
1238 2131 1276 2227 ᾖ,
1300 2133 1389 2203 καλό

291 2241 501 2332 πατριάρχης,
519 2245 558 2311 τὰ
573 2247 607 2311 δὲ
624 2247 656 2310 ἐκ
670 2242 804 2330 πλαγίων
815 2243 866 2306 καλ
877 2239 1010 2307 ’ὄπισθεν
1024 2239 1053 2306 ol
1067 2242 1100 2307 lv
1114 2239 1285 2326 ἀξιώμασιν
1294 2235 1391 2327 ἀπερ-

171 2363 189 2373 “
294 2343 427 2426 ἔχοντες,
451 2345 545 2431 ἤγουν
569 2346 712 2413 δεσπόται
733 2348 785 2411 καί
810 2341 1102 2432 σεβαστοκράτορες,
1129 2345 1181 2412 tto
1196 2338 1285 2425 ὦσιν,
1315 2347 1341 2411 εἰ
1358 2342 1392 2409 δὲ

133 2526 136 2531 .
190 2449 280 2505 P122
295 2445 358 2530 μή,
385 2446 414 2513 οἷ
425 2451 588 2535 κρείττονες
603 2452 654 2514 καλ
671 2446 868 2535 εάγενίστεροι
883 2452 944 2512 τῶν
958 2443 1121 2534 ἀρχόντων.
1172 2453 1199 2515 εδ
1214 2447 1245 2514 δ’
1260 2445 1436 2515 conteneo

243 2635 253 2649 „
295 2547 415 2637 πατήρ,
440 2551 480 2616 τά
494 2550 550 2634 μὲν
566 2557 620 2637 τῆς
634 2544 764 2628 ἀσπίδος
776 2551 951 2638 ἔμπροσθεν
973 2547 989 2616 ἀ
1010 2549 1197 2638 ίιπιμότερος
1216 2557 1276 2618 τῶν
1299 2549 1393 2628 ἀξιω-

295 2659 433 2735 ματικῶν
446 2651 467 2737 ἢ
481 2662 542 2720 τῶν
555 2651 710 2744 ἀρχόντων
724 2654 804 2736 μετά
816 2659 871 2719 τοῦ
887 2649 1087 2742 πατριάρχου,
1104 2655 1142 2721 τά
1157 2655 1194 2720 δί
1205 2679 1239 2741 γε
1255 2652 1393 2733 ὄπισθεν,

297 2754 492 2840 ονςεάιομιν.
832 2755 834 2760 ’

365 2949 431 3004 Post
445 2949 512 3004 lutec
528 2950 648 3005 ascendit
663 2949 806 3021 imperator
822 2953 858 3007 ed
879 2943 1021 3006 triclinium
1045 2951 1116 3021 quod
1138 2935 1249 3005 uocetur
1266 2949 1395 3004 Thomei-

296 3029 355 3088 tes,
378 3019 416 3142 ⁸pul
438 3020 631 3142 putgusteouem
649 3023 811 3092 respiciens3
839 3022 885 3076 ubi
910 3023 1035 3078 universe
1061 3021 1198 3076 multitudo
1224 3020 1309 3092 plebis
1335 3037 1394 3074 cum

297 3106 415 3144 exercre
432 3107 445 3142 s
459 3106 496 3143 ιι.

366 3156 513 3226 Antequam
531 3176 593 3226 ergo
609 3158 753 3230 imperator
769 3178 799 3214 se
816 3157 1027 3230 conspiciendum
1045 3159 1186 3228 praebent,
1210 3175 1259 3278 per
1282 3157 1395 3227 aliquem

299 3220 451 3292 desmate,
477 3225 519 3279 cui
535 3227 562 3280 ld
578 3227 722 3298 imperator
738 3229 921 3300 praeceperit,
947 3228 1079 3282 iaciuntur
1096 3228 1123 3279 in
1139 3244 1209 3297 popu
1221 3244 1261 3280 um
1279 3245 1311 3280 ee
1328 3245 1397 3296 quae

299 3293 466 3347 nominantur
482 3295 636 3364 epicombie.
670 3316 739 3366 qnae
760 3297 825 3351 tolie
847 3304 918 3351 sunt.
952 3297 1066 3350 frustilla
1091 3313 1124 3348 ex
1147 3297 1240 3365 pannis
1264 3305 1396 3366 resecant,

302 3370 330 3414 et
345 3363 373 3415 in
390 3361 508 3430 quolibet
524 3375 655 3432 segmento
672 3368 830 3434 trinomen,
852 3376 978 3436 argentea
994 3366 1102 3419 totidem
1118 3365 1280 3433 numismata,
1298 3375 1326 3419 et
1344 3366 1397 3420 trie

302 3448 335 3483 ex
352 3431 435 3484 obolis
452 3430 583 3500 illigantes
601 3435 741 3502 proiiciunt
760 3435 789 3488 in
813 3435 1012 3491 multitudinem.
1047 3433 1189 3504 proliciunt
1205 3445 1293 3496 eutem
1307 3434 1397 3489 talium

301 3497 483 3552 fasciculorum
500 3507 543 3554 tot
557 3500 643 3570 milia,
668 3509 732 3573 quot
748 3506 891 3574 imperator
912 3505 1086 3575 praeceperit.
1122 3505 1309 3560 consuetudine
1322 3521 1399 3558 rece-

301 3575 375 3638 ptum
400 3575 440 3651 opt
465 3575 494 3622 nt
514 3568 665 3633 ,huiusmodi
684 3573 830 3642 epicombia
846 3574 977 3628 iaciuntur
994 3573 1021 3626 in
1039 3571 1114 3627 atriis
1133 3591 1243 3642 magnae
1261 3573 1398 3642 ecclesiae,

302 3653 396 3759 nenplpp
412 3653 441 3690 m
455 3639 592 3714 praedicto
609 3637 791 3713 Augusteoue,
817 3651 905 3699 utente
926 3661 958 3697 eo
983 3641 1029 3712 qui
1052 3643 1159 3714 proiicit
1175 3643 1204 3696 io
1221 3644 1399 3714 Augusteonis

301 3723 351 3776 gru
369 3723 378 3757 ι
397 3723 437 3759 us.

370 3774 437 3828 Post
446 3776 512 3830 hoec
529 3793 612 3831 novus
627 3777 662 3832 im
682 3788 771 3834 emtor
787 3777 815 3833 iu
832 3785 906 3834 scuto
923 3776 1048 3836 sessitsns
1064 3780 1165 3835 tollitur
1176 3781 1204 3833 in
1216 3781 1303 3849 altum,
1321 3787 1349 3835 et
1366 3783 1399 3836 sb

303 3840 615 3928 univepsonmltitudine
629 3797 701 3902 iolla
717 3855 804 3902 stante
819 3849 991 3934 conspicitur.
1025 3858 1117 3905 tenent
1133 3867 1197 3904 vero
1215 3852 1319 3934 priores
1335 3863 1401 3922 pnr-

302 3918 344 3995 τερ
364 3911 443 3982 clipei
460 3922 604 3984 smperutor
621 3934 769 3987 parensque
785 3920 938 3989 renuntiati,
960 3919 984 3973 si
1000 3921 1085 3974 adhuc
1102 3919 1181 3972 sitin
1197 3919 1283 3988 vivis,
1307 3928 1334 3972 et
1351 3938 1401 3990 po·

303 3981 429 4036 tnurclro.
464 3993 554 4052 portes
572 4003 589 4038 ιι
607 3985 689 4040 lutere
705 3997 734 4040 et
749 3996 822 4042 retro
839 3997 930 4043 tenent
946 3989 992 4058 qui
1009 3986 1137 4058 dignitate
1152 3989 1295 4059 praecipue
1312 3987 1402 4042 excel-

303 4048 368 4119 lunt,
387 4051 511 4107 videlicet
526 4055 652 4124 despotue
668 4063 696 4110 et
708 4056 942 4126 sebestocrstores,
958 4057 981 4110 si
998 4059 1106 4112 fuerint.
1139 4059 1181 4111 sin
1199 4057 1293 4126 minue,
1309 4074 1402 4111 munus

304 4118 469 4205 hoc-obeunt
486 4123 692 4205 preostentiores
709 4132 736 4178 et
752 4125 896 4180 nobiliores
914 4145 947 4181 ex
963 4128 1127 4211 proceribus.
1170 4125 1194 4178 si
1211 4145 1263 4180 non
1279 4135 1402 4198 superest

302 4204 366 4242 novi
382 4209 417 4244 rm
436 4200 547 4246 oratoris
565 4201 651 4263 puter,
668 4195 814 4250 anteriores
831 4203 921 4268 portes
939 4197 972 4249 ch
992 4197 1017 4249 ei
1034 4204 1108 4250 tenet
1120 4195 1290 4250 excellentior
1302 4215 1336 4250 ex
1348 4196 1401 4248 illis
1426 4194 1432 4206 “

303 4257 350 4324 qni
366 4258 402 4346 in⁸
411 4211 541 4331 lignitate
556 4270 626 4330 eunt,
650 4273 696 4347 eut
712 4265 807 4332 uliquis
824 4283 857 4320 ex
874 4217 1027 4336 procerllus
1044 4283 1100 4318 cum
1117 4265 1277 4339 patriarcha.
1312 4272 1401 4342 partes

304 4338 465 4398 posteriores
480 4339 573 4389 τουτου
589 4349 656 4402 quos
672 4351 725 4390 uum
741 4342 821 4390 autea
837 4334 1103 4391 commemoravimus.
