3092 4942
333 277 383 349 86
593 338 597 347 ,
648 272 795 344 conlui
818 270 1119 341 uiuornnuunu

226 507 318 565 ντοο
626 462 1132 569 Κεφάλαιοοιξ.

444 600 446 607 ’
665 604 736 676 Περὶ
751 603 942 676 στεφηφορίας
953 599 1095 673 βασιλέως.

439 756 505 817 Tou
525 751 695 843 μέλλοντος
709 747 943 839 στεφθὴσεσθαι
970 749 1049 817 ιιατδ
1071 746 1127 833 τὴν
1150 771 1212 835 προ
1234 752 1291 830 τῆς
1313 744 1432 834 ἦμίρας

337 854 447 937 ἐκείνης
462 851 591 943 ἕσπίραν
608 858 650 933 εἷς
664 854 699 921 τὸ
715 854 792 939 μίγα
806 851 953 919 παλάτιον
966 852 1129 938 ἐρχομένου
1142 849 1219 934 μετδ
1241 856 1303 915 τῶν
1317 848 1431 936 ἀρχόν-

337 982 397 1023 των
416 959 468 1023 καὶ
485 964 547 1024 τῶν
563 956 663 1023 ἄλλων
679 960 836 1023 οίκειακῶν
856 954 951 1022 αὐτοῦ
969 959 1020 1021 καί
1042 950 1336 1039 διανοιιτερεδοντος,
1359 954 1457 1036 δια-5

338 1055 516 1145 λαμποδσης
531 1057 646 1147 ἡμίρας
661 1060 911 1147 συναθροίζονται
930 1060 963 1124 ἐκ
980 1062 1098 1143 πρωίας
1116 1056 1211 1132 ebul<
1233 1059 1264 1121 δι’
1282 1081 1315 1121 τε
1336 1054 1431 1134 σἰξαὸ-

336 1187 422 1243 ματα
443 1160 558 1246 ἒβςοντες
578 1166 629 1227 καί
650 1164 679 1228 oi
698 1162 786 1227 ἄλλοι
798 1158 907 1239 πάντες
920 1160 1064 1247 ἄρχοντες
1070 1208 1081 1240 ,
1110 1159 1146 1225 τὸ
1160 1155 1317 1247 φοσσοίτον
1331 1183 1362 1233 τε
1378 1162 1431 1228 καί

337 1264 372 1329 τὸ
391 1259 495 1331 tinulo
508 1263 590 1331 ἅπαν
603 1270 723 1349 πλῆθος
740 1272 795 1348 τῆς
809 1260 925 1342 πόλεως
937 1244 1096 1348 πανδημεί.
1146 1262 1214 1346 περὶ
1231 1261 1272 1347 δὲ
1282 1258 1365 1346 ὥραν
1377 1266 1433 1346 τῆς

299 1380 322 1435 Β
340 1362 454 1453 ἡμέρας
475 1364 587 1453 ταύτης
610 1370 752 1456 δεοτίραν
773 1367 933 1453 σἰπίρχετὰι
952 1367 1008 1450 μὲν
1025 1363 1044 1432 ὁ
1065 1365 1132 1441 νίος
1152 1363 1295 1449 βασιλεὺς
1314 1368 1358 1440 είς
1377 1366 1433 1450 τὴν

340 1466 428 1553 ἆγίαν
441 1472 569 1558 Σοφίαν,
596 1472 767 1559 εἰθισμένον
782 1471 817 1537 δὲ
830 1469 865 1537 br
879 1471 935 1554 τὴν
948 1476 1003 1553 τῆς
1018 1468 1113 1535 αὐτοῦ
1128 1469 1255 1543 πίστεως
1269 1462 1433 1553 ὁμολογίαν
1441 1492 1476 1547 10

340 1572 463 1649 οἰκείαις
483 1578 588 1661 χερσίν
608 1572 767 1661 ἐγγράφως
787 1570 1006 1661 παραδιδόναι,
1034 1579 1118 1637 ποιεί
1130 1576 1220 1635 τοῦτο
1240 1566 1345 1646 οὸτιος.
1364 1640 1369 1650 ‚
1391 1566 1433 1637 “b

341 1675 423 1739 δεῖνα
438 1676 470 1739 ἐν
484 1679 613 1765 Χριστῷ
631 1683 675 1765 τῷ
696 1682 761 1764 θεῷ
784 1675 890 1753 πιστὸς
908 1674 1051 1758 βασιλεὺς
1072 1676 1124 1739 καί
1145 1669 1341 1759 αὖτοκρᾶτωρ
1356 1669 1434 1738 Ῥω-

339 1778 439 1857 μαίων
456 1779 549 1869 οίκείρι
563 1781 642 1867 χειρί
656 1778 842 1866 προίταξα.”
877 1777 958 1847 οὗτοι
972 1779 1027 1862 μέν
1041 1774 1057 1842 ὁ
1072 1778 1279 1863 στεφανωθεὶς
1293 1782 1347 1859 τῆς
1360 1773 1433 1842 ἔαυ-

340 1884 396 1945 τοῦ
412 1879 592 1966 πρατιίσσων
606 1879 768 1967 ὁμολογίας
780 1879 903 1970 γράφει.
953 1879 991 1947 lb
1013 1880 1047 1946 δὲ
1066 1879 1132 1956 cibe
1153 1878 1238 1966 αὐτῷ
1258 1870 1296 1964 ᾖ,
1332 1882 1357 1943 εί
1377 1879 1433 1961 μὲν

342 1982 498 2049 ἐνδίδωσιν
519 1980 536 2049 ὁ
558 1982 678 2072 πατήρ,
709 1984 821 2072 γράφει
840 1988 891 2050 καί
911 1982 1003 2062 αὗτδς
1023 1979 1203 2069 προτίσσιον
1222 1979 1336 2061 οδτιος,
1365 1980 1432 2066 ἤτοι
1442 2001 1474 2057 15

341 2082 538 2175 αὐτοκράτωρ
547 2083 720 2170 Ῥωμαίων·
746 2091 773 2154 εί
789 2090 822 2153 δ’
838 2084 875 2153 οδ
881 2136 892 2169 ,
912 2084 1040 2163 “πιστὸς
1052 2088 1084 2151 ἓν
1097 2088 1226 2174 Χριστῷ
1238 2091 1281 2173 τῷ
1294 2090 1360 2175 θεῷ
1372 2092 1434 2171 βα-

341 2187 442 2264 σιλεὺς
452 2185 608 2270 Ῥωμαίων
623 2187 639 2255 ὁ
657 2189 777 2255 cento?

305 2303 328 2355 c
441 2285 607 2357 “namin
622 2295 664 2368 είς
678 2293 730 2365 Ιἵνα
746 2290 820 2357 θεὸν
838 2291 954 2380 ποτίρα
970 2286 1217 2373 παντοκράτορα,
1242 2287 1369 2373 ποιητὴν
1383 2290 1436 2354 οὗ-

345 2396 439 2474 ρανοῦ
455 2395 503 2455 καί
520 2400 575 2477 γῆς
582 2440 593 2472 ,
629 2390 749 2481 ὁρατῶν
764 2419 797 2460 τε
813 2391 934 2460 πάντων
947 2397 998 2460 καὶ
1014 2390 1179 2479 ἀοράτων”
1204 2394 1255 2456 καί
1276 2392 1311 2459 τὸ
1332 2393 1437 2459 λοιπὸν

344 2499 399 2557 τοῦ
415 2491 489 2578 ὁροιι
504 2501 559 2578 τῆς
573 2497 700 2574 πίστεως
712 2496 801 2585 μέχρι
815 2498 929 2575 τίλοος.
978 2499 1030 2562 καὶ
1047 2494 1124 2579 μετὰ
1137 2499 1226 2560 τοῦτο
1243 2491 1309 2560 “ἐ’τι
1321 2496 1476 2581 στίργωοο

345 2596 397 2657 καὶ
419 2592 559 2683 ὁμολογῶ
579 2600 630 2665 καί
649 2604 767 2685 βεβαιῶ
781 2600 837 2677 τὰς
853 2598 1055 2674 ἀποστολικὸις
1074 2600 1125 2663 καί
1138 2599 1227 2674 θείας
1242 2596 1434 2684 παραδόσεις,

346 2696 424 2762 ἀλλὰ
438 2698 500 2784 μὴν
516 2703 566 2766 καί
582 2701 638 2781 τὰς
654 2700 804 2781 διατάξεις
818 2705 870 2771 καί
886 2699 1085 2779 διατυπώσας
1103 2707 1164 2767 τῶν
1184 2699 1209 2782 ζ’
1225 2704 1435 2784 οἷκοομενικῶν

759 2966 784 3031 G
804 2988 822 3030 a
842 2989 862 3052 p
882 2991 900 3031 u
920 2978 932 3030 t
979 2970 1028 3033 17.
1056 3058 1059 3064 1
1115 2930 1120 2935 -

682 3069 723 3122 Du
744 3068 910 3123 coronatione
932 3065 1105 3138 imperatoris.

416 3164 470 3226 Qui
488 3172 650 3225 coronandus
667 3180 722 3241 est,
750 3172 773 3225 is
798 3170 885 3241 pridie
909 3170 966 3223 eius
989 3168 1043 3223 (liei
1064 3168 1134 3221 circe
1154 3180 1292 3233 vesperem
1316 3163 1390 3215 venit
1405 3164 1437 3218 ud

348 3249 465 3301 magnum
483 3238 606 3303 pelutiunn
623 3257 680 3293 curn
696 3242 858 3310 principibus
874 3239 985 3307 aliisque
1002 3236 1171 3291 familiaribus
1188 3233 1253 3300 suis,
1269 3230 1360 3300 ibique
1378 3250 1438 3300 per-

348 3312 448 3355 noctet.
470 3304 636 3363 illucescente
653 3310 696 3363 dic
713 3317 906 3379 congregantur
922 3306 1010 3360 stetim
1027 3308 1076 3359 sub
1093 3300 1231 3355 diluculum
1248 3304 1293 3369 qui
1310 3302 1338 3354 in
1353 3301 1438 3369 digni-

347 3378 403 3451 tete
420 3374 556 3428 constituti
574 3386 643 3444 sunt,
661 3388 689 3431 et
706 3397 794 3433 omnes
811 3378 857 3431 elii
876 3394 1014 3447 proceres,
1035 3372 1164 3427 exercitus
1182 3371 1327 3439 etreliqua
1344 3370 1437 3423 civita-

347 3448 382 3489 tns
402 3442 547 3507 promiscua
564 3446 711 3501 multitudo.
744 3448 817 3501 circu
841 3448 932 3499 horam
955 3446 1095 3497 secundm
1118 3439 1176 3494 ubit
1197 3440 1283 3495 iunior
1299 3440 1438 3508 imperator

349 3506 383 3559 ud
408 3519 523 3563 sunctum
541 3514 677 3582 Sophiam.
712 3516 739 3569 in
764 3535 836 3570 more
859 3524 945 3567 nutem
967 3513 1080 3583 positum
1104 3518 1146 3563 est
1171 3519 1201 3563 ut
1222 3511 1310 3564 trudat
1333 3509 1439 3596 propriu

350 3594 429 3658 mann·
443 3580 565 3649 scriptum
585 3583 647 3637 fidei
664 3601 727 3637 suec
745 3587 947 3638 confessionem.
964 3584 1033 3650 quod
1052 3582 1120 3634 hunc
1131 3580 1159 3633 in
1170 3580 1270 3633 modum
1283 3579 1356 3630 fecit.
1372 3573 1438 3645 ‘ego

349 3646 385 3697 N.
406 3664 432 3699 nn
456 3649 562 3705 Christo
586 3655 636 3707 (leo
661 3662 750 3707 nostro
769 3656 860 3715 ¹tidelis
877 3670 924 3707 rex
940 3660 968 3704 et
984 3651 1125 3720 imperator
1142 3651 1315 3702 Romanorum
1334 3647 1440 3715 propria

348 3732 425 3767 menn
443 3718 508 3769 haec
527 3721 647 3790 praemisi
666 3740 698 3773 sc
714 3717 904 3793 praescripsi.''
938 3720 977 3774 sic
1001 3720 1104 3789 quidem
1126 3719 1177 3771 ium
1202 3725 1340 3770 coronatus
1355 3715 1439 3784 impe-

349 3791 421 3835 rator
444 3788 507 3839 fidei
530 3808 593 3841 sune
616 3792 806 3843 confessionem
833 3790 1015 3873 praescribens
1037 3789 1199 3858 auspicetur.
1232 3783 1255 3836 si
1279 3800 1343 3835 vero
1359 3784 1439 3836 lilium

349 3852 453 3931 hebent,
473 3858 594 3926 praefigit
612 3870 640 3913 et
656 3861 714 3929 ipse
732 3860 891 3921 confessioni
908 3877 973 3912 suae
987 3859 1050 3911 illud
1064 3853 1224 3928 “imperetur
1240 3848 1438 3918 Romanorum,”

349 3937 371 3970 sl
397 3933 472 4003 peter
497 3928 668 3982 concesseritr
691 3928 715 3981 si
740 3930 838 3996 minus,
864 3927 936 3982 istud
961 3928 1119 3982 solummodo
1142 3921 1267 3994 praefigit
1285 3914 1389 3975 “fidelis
1411 3920 1438 3973 iu

350 3988 457 4045 Christo
475 3994 524 4047 deo
542 4009 631 4051 nostro
648 3998 823 4051 Romanorum
837 4016 885 4051 rex
900 3992 956 4050 N.”

417 4054 523 4115 “Credo
535 4066 562 4117 in
574 4082 650 4119 unum
663 4068 749 4134 (lcum,
766 4076 866 4135 putrem
887 4066 1098 4153 οπιπίροοοποοαι,
1118 4062 1243 4113 lectorem
1259 4058 1326 4112 eseli
1343 4066 1371 4113 et
1385 4068 1439 4113 ter-

350 4146 409 4195 rae,
434 4132 574 4189 visibilium
592 4136 703 4191 omnium
721 4145 748 4189 et
765 4136 952 4204 invisibilium,
993 4132 1139 4200 etreliqua
1161 4128 1273 4196 symboli
1293 4128 1439 4198 apostolici,

301 4248 303 4254 ,
350 4217 432 4267 usque
449 4203 484 4253 ed
500 4203 588 4257 finem.
621 4201 779 4274 “prseteree
794 4205 938 4274 amplector
953 4203 1081 4256 confiteor
1099 4209 1127 4252 et
1148 4200 1266 4268 approbo
1284 4198 1440 4267 apostoliens

349 4280 376 4325 et
394 4270 499 4324 divinas
520 4273 687 4328 traditiones.
722 4273 831 4345 iusuper
848 4275 927 4329 etiem
948 4268 1149 4327 constitutiones
1169 4277 1197 4322 et
1217 4268 1383 4323 definitiones
1399 4284 1440 4320 se-

1213 4471 1220 4528 l
