3092 4942
445 412 491 481 sn
513 412 663 509 consur
689 414 775 481 oar.
803 416 847 481 v.
1129 418 1204 491 aar

167 574 203 629 s'h.
219 588 247 632 v,
277 576 318 631 la
347 570 501 697 Φροὶςκανέ1
514 574 628 629 araneos
646 574 723 643 solos,
744 574 770 629 id
788 580 828 629 cst
839 576 938 645 Gallos,
951 577 1001 631 boc
1012 579 1111 633 nominc
1122 580 1203 651 primo

98 645 230 697 vocabant
250 644 365 709 Graeci,
388 644 456 696 unde
493 644 558 697 ‘viso
578 662 593 697 a
608 645 719 697 Francis
731 651 758 698 et
770 646 879 713 Graccis
890 647 994 717 imperio
1005 655 1080 703 vetus
1094 667 1203 718 prover-

97 714 169 766 bium
191 709 320 782 Φροὶγκον
337 713 424 781 φίλον.
437 708 517 783 ἔχῃς,
544 713 654 780 γείτονα
667 707 706 782 pri
724 709 795 783 ἔχῃς.
831 716 979 780 cedrenus,
1001 725 1054 770 tum
1073 714 1100 769 in
1117 718 1204 775 Leone

99 782 192 835 Isaura
211 790 265 835 tum
281 781 355 847 abbi,
373 776 446 850 ὅῆγα
465 781 603 850 operator
619 782 723 849 laudat,
745 799 819 853 quem
842 802 893 837 non
914 784 990 837 alium
1010 802 1026 837 a
1048 785 1205 849 Francorum

99 869 165 919 rege
182 849 371 918 intelligendum
386 850 498 921 ipsemet
513 851 625 919 exponit.
658 851 738 905 Italos
755 858 841 905 tamen
859 854 955 923 Apulos
976 857 1004 905 et
1026 854 1166 913 Calabros.
1189 874 1207 911 a
1225 854 1233 867 “

99 920 257 973 Normannis
274 919 401 972 Franciae
417 920 517 989 populis
536 927 625 984 ortos,
643 916 788 989 Φράγκονς
805 939 855 974 non
872 922 1047 991 infrequenter
1063 932 1141 977 vocat
1151 926 1206 978 Cu-

101 990 233 1057 ropalates
256 986 283 1041 in
309 988 434 1045 hlicbaele
461 988 643 1059 Parapinacio,
671 994 698 1041 el
714 988 823 1041 Nicetas
842 990 968 1044 Manuelis
988 992 1040 1046 ts
1062 988 1208 1061 Φροὶγγονς

99 1055 246 1119 Σικελούς.
283 1059 425 1111 Germanos
442 1058 541 1126 pariter
556 1058 594 1109 ita
611 1058 693 1110 dictos
705 1058 773 1126 apud
784 1058 928 1113 cedrenum
940 1062 1053 1129 reperies
1064 1060 1089 1113 in
1101 1062 1207 1117 Basilio.

99 1125 213 1180 Latinos
238 1141 335 1179 uoscun
355 1143 402 1189 ue,
421 1135 450 1177 ut
460 1133 489 1179 et
499 1128 630 1179 Graecum
641 1128 734 1193 vulgus
747 1128 834 1197 hodie,
852 1129 888 1181 its
907 1136 1034 1205 nuncupat
1044 1131 1117 1183 Anna
1129 1131 1208 1185 Com·

100 1212 170 1247 uena
191 1144 251 1251 hi
276 1144 460 1277 ἐνδοξοτέραν
484 1202 568 1247 tamen
595 1194 737 1263 Φραγγίαν
763 1194 824 1249 κατ’
850 1191 950 1271 έξοχὴν
969 1198 1089 1266 intelligit
1114 1216 1153 1253 ms
1170 1200 1205 1255 R.

100 1282 128 1315 n.
149 1264 211 1316 290.
245 1264 353 1317 Latinos
372 1279 537 1333 quoscunque
559 1282 590 1323 ac
613 1265 721 1317 maxime
742 1266 836 1319 Gallos
858 1266 899 1319 bio
921 1272 1071 1320 memoratos
1093 1276 1207 1337 autumo,

101 1349 170 1401 quos
190 1326 352 1452 alpoxaostr
367 1328 415 1385 καὶ
438 1330 617 1403 πολεμικούς,
642 1351 674 1387 ac
694 1334 787 1387 iterum
810 1330 940 1398 ὃνσικούς
963 1328 1107 1406 Φρέγγονς
1127 1344 1207 1393 vocat

101 1402 196 1454 citatus
240 1401 396 1471 uropalatcs.

185 1510 214 1568 p.
228 1488 271 1553 34
283 1510 309 1549 v.
326 1494 353 1553 1.
384 1491 473 1560 Quod
490 1490 559 1548 dicit
584 1488 758 1569 Curopalata
779 1490 927 1569 cedinus,
948 1494 1120 1571 curopalaten
1141 1494 1203 1555 offi-

100 1576 193 1652 cium,
215 1594 273 1650 quo
286 1576 354 1634 olim
366 1576 554 1653 fungebatur,
574 1576 660 1633 fuisse
680 1595 732 1635 suo
752 1581 879 1655 tempore
899 1579 1090 1659 incognitum,
1110 1580 1140 1638 id
1154 1581 1206 1638 rni-

100 1667 181 1718 ratur
195 1660 353 1737 Mercrius,
373 1662 483 1735 sibique
506 1662 537 1719 id
551 1667 610 1719 mm
623 1661 708 1737 longe
722 1663 803 1721 annis
821 1662 919 1721 dissito
934 1665 1077 1741 cognitum
1092 1662 1207 1743 prolite-

99 1757 164 1823 tur,
184 1746 271 1820 idque
292 1765 327 1805 er
341 1746 465 1823 Euagrio
480 1748 500 1809 5
517 1748 551 1806 1:
566 1742 622 1822 cdo
637 1742 777 1825 φυλακὴν
797 1750 854 1825 τῆς
868 1740 963 1821 aeltric
976 1749 1208 1827 ἐμπεπιστευμέ-

100 1853 171 1903 νος,
200 1824 220 1891 d
241 1829 470 1909 κονροπαλάτην
490 1826 512 1909 ἦ
530 1826 682 1909 Ῥωμαίων
709 1828 786 1913 λέγει
804 1828 904 1913 φωνή.
932 1832 1018 1891 habet
1040 1835 1125 1893 etiam
1142 1834 1206 1893 aula

101 1915 272 1973 Theoderici
292 1915 463 1976 Gotthorum
484 1915 559 1991 regis
580 1914 787 1995 curopalatem,
813 1918 850 1973 ad
870 1936 954 1992 quem
974 1913 1068 1977 eistat
1087 1919 1206 1978 formula

99 2001 119 2059 l.
140 2004 159 2063 7
180 1998 325 2059 Verianum
343 2001 520 2073 Cassiodori3
542 2018 626 2075 quem
649 2000 691 2059 ita
713 2000 845 2059 describit
866 2008 898 2059 ut
922 2002 989 2059 nihil
1016 2002 1092 2061 alind
1118 2004 1205 2063 fuisse

101 2084 231 2143 videatur
256 2104 341 2161 quam
359 2106 483 2147 summus
503 2086 717 2170 architectorum
737 2093 768 2143 ct
786 2086 1016 2147 architectonicae
1037 2089 1206 2167 praefectus,

101 2172 150 2231 der
163 2171 431 2247 atera-taumate,
452 2191 540 2236 aurea
556 2171 636 2247 virga
649 2172 775 2229 decorus.

172 2266 208 2319 ib.
224 2284 251 2320 v.
271 2268 297 2323 9.
323 2268 494 2340 ροίνβδίνης
517 2264 631 2339 dodino]
658 2267 692 2321 de
713 2267 794 2321 cereis
812 2268 886 2321 bullis
904 2283 997 2339 supra,
1017 2269 1062 2321 ubi
1081 2269 1114 2322 dc
1126 2270 1206 2337 chry-

102 2335 213 2388 sobullo.
248 2335 281 2388 de
297 2337 416 2406 plumbea
432 2338 513 2389 locum
552 2339 634 2391 roscrt
651 2336 838 2407 luitprandus,
856 2337 901 2389 ubi
916 2346 1126 2409 mereeseporta
1139 2340 1207 2394 effe·

100 2404 196 2459 rendae
212 2406 333 2473 plumbea
351 2405 513 2477 imperatoris
530 2356 604 2459 latta
621 2414 728 2459 rotatas
743 2406 837 2459 asserit
854 2405 881 2457 in
896 2406 1034 2474 legatione.

173 2491 208 2548 il.
228 2508 254 2545 v.
274 2492 315 2545 15.
334 2488 413 2560 φέρει
426 2488 480 2560 τὴν
496 2491 550 2567 cor}
566 2487 698 2562 decoctior
714 2488 844 2560 σπάθην]
862 2492 887 2544 id
901 2490 937 2543 illi
947 2492 1104 2577 primituserr
1116 2490 1204 2547 officio

103 2576 253 2615 concessum
270 2560 374 2615 ridetur
392 2578 409 2615 a
426 2562 585 2631 Theophane
595 2560 623 2613 in
633 2560 761 2613 Michaele
770 2560 924 2631 Theophili:
941 2577 957 2613 o
975 2562 1204 2627 Βασίλειοςκερι-

103 2624 202 2682 σπάνει
219 2630 317 2697 φορῶν
332 2626 538 2699 σκαραμάςγιον
553 2624 622 2696 μετὰ
638 2630 780 2697 rasator,
805 2624 841 2691 ὡς
865 2624 933 2690 idon
949 2633 1009 2690 τοῖς
1024 2646 1205 2697 caparosso-

101 2693 207 2766 μένοις.
239 2700 306 2753 sacri
321 2700 431 2753 cubiculi
444 2699 619 2773 praepositura
636 2697 773 2766 pluvialem
789 2697 951 2767 imperatoris
965 2704 1064 2751 vestem
1080 2698 1206 2753 imbribus

104 2772 132 2819 et
148 2765 241 2835 frigori
255 2770 434 2838 propulsandis
454 2769 478 2821 ei
494 2768 652 2820 offerendam
665 2766 755 2819 tulisse
772 2766 849 2819 docet
863 2766 1041 2821 Leunelavius.

191 2873 226 2931 ab.
246 2874 592 2936 stannaturam
614 2870 754 2931 Moursius
774 2872 961 2947 ignorantiam
987 2873 1106 2949 Cadini,
1128 2872 1207 2948 quod

104 2952 269 3034 logothetae
299 2959 436 3034 generalis
457 2977 558 3015 munus
578 2958 751 3033 incognitum
770 2956 857 3013 fuisse
876 2956 993 3014 scribat:
1024 2956 1110 3015 fnisse
1132 2958 1206 3015 enim

103 3044 278 3121 praesectum
291 3044 388 3101 aerarii
402 3043 548 3120 generalis.
570 3043 621 3099 sed
638 3042 719 3099 liceat
739 3042 851 3099 Codino
874 3042 944 3099 citra
963 3041 1207 3120 reprehensionem

104 3129 246 3204 quaedam
259 3128 407 3205 ignorare,
429 3128 658 3204 quandoquidem
671 3127 810 3185 Meursius
825 3127 918 3185 omnia
931 3126 991 3186 scit.

174 3241 211 3294 ib.
231 3260 258 3296 v.
278 3243 320 3295 18.
341 3240 467 3310 saitica}
478 3246 509 3293 ut
526 3239 659 3305 monaehi,
678 3241 717 3294 ita
736 3246 764 3293 et
782 3240 911 3311 episcopi,
929 3240 956 3303 in
968 3241 1207 3310 quibusversaren··

104 3322 148 3365 tur
167 3310 261 3375 aedes,
283 3328 413 3365 vocavere
435 3310 538 3363 κελλίαι
573 3308 666 3363 lsaacii
684 3310 776 3377 Angcli
803 3310 915 3363 Novella
940 3310 1006 3363 Iuris
1024 3310 1118 3379 (tu-p.
1142 3314 1206 3365 1722

44 3404 46 3408 ·
104 3374 228 3434 ἀκεσταί.
248 3396 302 3433 σαν
318 3376 357 3441 είς
373 3375 408 3433 coi
427 3374 458 3432 έν
475 3376 518 3440 οἷς
533 3374 681 3449 καταμένει
698 3378 790 3433 κείλία
807 3374 823 3432 ὁ
841 3377 974 3441 Κυζίκου.
1011 3386 1038 3431 et
1054 3378 1138 3432 infra:
1166 3373 1206 3432 sl-

104 3466 162 3501 πον
180 3443 218 3517 μὴ
229 3398 364 3516 locossic
381 3444 469 3501 acircio
485 3442 516 3501 ἐν
532 3452 592 3509 τοῖς
608 3442 698 3500 atros
715 3446 840 3509 κελλίοις.
874 3448 1048 3517 patriarchae,
1068 3454 1098 3500 ut
1116 3467 1131 3500 e
1150 3466 1206 3501 ruo·

106 3518 227 3571 rrmteriis
245 3518 381 3586 assu-pti,
399 3520 474 3571 edam
492 3518 519 3570 in
537 3517 693 3587 patriarchio
710 3519 819 3585 cellam,
838 3510 870 3569 cri
881 3517 1005 3585 κελλίον,
1022 3522 1090 3570 teste
1102 3518 1209 3569 Euoho-

106 3587 178 3655 logio
197 3596 301 3653 nostro,
320 3594 480 3656 repererunt.
513 3586 613 3655 ipsique
621 3585 725 3639 tandem
734 3587 902 3655 imperatores
913 3588 1143 3641 ecelesiasticorum
1154 3604 1208 3639 rno-

106 3674 163 3710 rum
179 3656 285 3722 aemuli,
301 3655 334 3708 de
351 3672 402 3723 quo
422 3662 485 3707 nota
501 3656 583 3727 prima
600 3655 626 3707 in
643 3655 818 3727 ‚Curopalatae
835 3656 965 3709 historiam
981 3655 1091 3719 disserit,
1109 3656 1140 3709 in
1159 3672 1208 3725 pu-

107 3725 172 3779 latio
189 3724 389 3795 angustam-sibi
405 3724 541 3778 condidere
560 3726 669 3789 cellam,
687 3724 714 3776 in
731 3741 806 3793 quam
824 3725 935 3775 tumultu
949 3724 1107 3791 negotiorum
1125 3726 1208 3793 erepti

106 3812 138 3847 se
155 3794 308 3864 reciperent.
342 3793 369 3845 in
386 3794 528 3847 huiusmodi
543 3794 687 3861 penetrale,
706 3803 780 3845 retro
801 3794 942 3845 cubiculum
963 3792 1070 3845 interius
1088 3793 1209 3861 positum,

107 3864 218 3915 secessit
236 3865 268 3916 ab
285 3862 372 3915 amieis
389 3863 497 3916 monitus
514 3864 674 3915 Andronicus
690 3862 790 3925 senior,
815 3880 847 3914 ne
865 3861 925 3930 quid
938 3860 966 3914 in
983 3878 1040 3914 eum
1060 3862 1208 3915 molirentur

107 3932 215 3985 iunioris
233 3934 351 3985 fautores
373 3932 399 3984 in
420 3931 548 3985 exteriore
567 3931 679 3985 triclinio
698 3936 810 3985 stantes:
837 3929 943 3983 τούτων
958 3925 1078 3993 οἰκούσας
1095 3928 1111 3984 ὁ
1130 3932 1209 4002 daos-

107 3998 171 4061 2sric
187 3996 289 4069 ἀνέστη
306 4019 336 4055 τε
354 3996 455 4054 αὐτίκα
471 4001 523 4054 cori
540 3996 650 4067 θρόνον
674 3998 722 4053 καὶ
745 3994 817 4067 πρὸς
839 3994 889 4053 cdv
910 3993 1059 4065 ἐνδότερον
1085 3998 1208 4055 οἰκίσκον

108 4062 220 4139 ἐχώρει,
242 4063 292 4122 τὸν
315 4064 382 4124 νέον
406 4064 519 4141 βασιλέα
537 4073 597 4131 τοῖς
613 4064 801 4137 ἀκροωμένοις
817 4062 875 4136 ἅμα
891 4064 969 4139 nopai
986 4066 1035 4123 cdv
1052 4064 1103 4134 ἕξω
1121 4087 1207 4123 κατα-

107 4136 207 4191 λιπών.
240 4138 278 4190 ita
302 4140 496 4193 Cantacuzenus
522 4140 538 4191 l.
558 4141 571 4190 l
590 4154 615 4191 c.
634 4141 674 4193 13.
696 4147 723 4189 at
743 4155 766 4190 o.
782 4136 799 4190 5
817 4156 867 4191 non
886 4138 966 4191 minus
984 4146 1116 4208 angustans
1132 4154 1207 4207 quam

108 4214 243 4291 augustam
264 4207 392 4277 depingit,
417 4209 481 4261 adeo
501 4215 531 4259 ut
549 4207 649 4259 invenis
670 4208 810 4277 imperator
834 4203 926 4261 εἰσιών
947 4209 999 4263 τοῦ
1017 4205 1140 4271 οἰκίσκον
1156 4201 1208 4272 τὴν

108 4278 223 4343 doceo,
240 4269 271 4329 έν
288 4266 316 4346 ρι’
328 4278 456 4345 καθῆστο
473 4274 636 4345 considered
655 4272 794 4347 βασιλεύς,
821 4276 959 4331 stemmatis
976 4278 1003 4329 in
1023 4278 1107 4346 capite
1130 4275 1209 4345 positi

107 4345 210 4414 lapides
226 4345 260 4397 ad
277 4346 466 4414 superliminare
489 4346 589 4403 nescius
611 4345 727 4403 alliserit
762 4345 796 4401 dc
813 4348 922 4405 ctlllolr‘c
938 4346 995 4403 sive
1008 4344 1178 4413 cubiculariis
1192 4361 1209 4399 a

110 4414 179 4469 cello
197 4414 273 4469 dictis
289 4414 345 4484 agit
360 4415 488 4471 Pbranaes
507 4419 524 4471 2
542 4420 567 4472 1.
