3092 4942
299 294 370 390 aa
446 313 656 384 cucusam
673 290 730 381 aa
749 311 882 382 coam
900 311 1229 384 couumuuuus

297 482 499 564 quodetiam,
523 482 639 542 Citrius.
659 481 770 542 exarchi
793 478 916 560 dignitas
940 478 1006 539 olim
1025 479 1099 540 clara
1122 481 1176 540 fuit
1202 483 1287 541 etiam
1310 486 1391 542 extra

295 569 438 630 scclesim
449 567 524 628 inter
544 567 682 646 palatinas
699 567 857 627 functiones
874 571 905 624 et
923 565 1123 643 imperatorias.
1151 567 1216 625 hinc
1230 569 1339 630 οιαιλι·
1350 567 1393 625 illi

295 655 438 733 initalia,
455 650 574 730 qaorum
586 671 726 728 nusquam
739 671 797 710 non
809 651 922 710 mentio.
941 656 972 709 et
989 651 1152 710 Gennadius
1168 651 1295 712 marcius
1310 652 1397 729 Afri-'
1456 656 1458 660 ’

240 808 243 815 4
296 761 363 815 cae,
382 741 514 816 adquam
525 739 622 797 scribit
635 740 665 797 S.
677 738 831 816 Gregorius
843 735 965 813 Magnus
978 733 997 794 l.
1022 737 1049 798 1.
1067 737 1151 816 epist
1166 740 1214 801 57.
1234 737 1299 795 hinc
1312 757 1393 794 caar-

296 827 393 885 clsotur
411 831 443 885 et
468 824 616 893 marchia,
631 822 759 906 ἔναρχος
782 821 907 902 palatina
930 821 1053 899 dignitas
1080 826 1126 881 est
1146 822 1224 902 apud
1253 822 1394 881 Codinum

366 1050 392 1104 p.
412 1032 431 1086 6
452 1048 480 1088 r.
504 1035 547 1090 10.
582 1024 699 1102 ἔξαρχον
715 1048 772 1085 eum
790 1028 868 1084 hodie
886 1031 992 1096 vocant,
1010 1027 1053 1098 qni
1067 1027 1138 1082 velat
1154 1044 1170 1082 a
1184 1029 1269 1084 latere
1283 1029 1394 1099 patriar-

301 1100 367 1154 chae
384 1101 483 1169 legatus
508 1100 654 1173 provincias
671 1101 696 1154 ei
712 1101 840 1154 subiectas
854 1098 920 1162 obit,
942 1115 973 1150 ac
995 1096 1027 1150 de
1050 1097 1198 1150 clericorum
1218 1095 1344 1163 moribus,
1361 1098 1396 1150 de

282 1220 284 1227 ,
303 1170 387 1222 causis
403 1170 598 1235 ecclesiasticis,
611 1169 644 1224 de
655 1170 724 1224 cultu
735 1169 837 1235 divino,
856 1169 877 1221 si
888 1184 938 1220 non
951 1165 1108 1235 obsolescat,
1127 1167 1160 1219 de
1171 1168 1293 1234 coniugiis
1304 1173 1333 1220 et
1348 1184 1396 1219 eo·
1472 1208 1477 1215 .

303 1255 360 1293 rum
370 1238 504 1306 divortiis,
520 1239 552 1294 da
561 1239 643 1309 plebis
653 1238 832 1309 pontificisque
842 1236 970 1300 dissidiis,
989 1237 1022 1289 de
1033 1252 1155 1289 emonam
1166 1237 1397 1300 ecclesiasticorum

306 1307 488 1370 observantia,
504 1307 538 1360 de
554 1309 732 1373 sacramentii,
749 1305 913 1360 confessionis
927 1304 1050 1374 maxime,
1066 1304 1239 1370 conferendis,
1256 1306 1289 1358 de
1306 1321 1399 1358 mona-

303 1378 408 1429 clrtrum
426 1375 570 1446 disciplina,
603 1376 637 1430 de
653 1377 815 1430 ecclesim
830 1393 847 1428 a
863 1373 1018 1427 dioecesanis
1037 1381 1208 1444 exemptarum
1222 1373 1321 1444 legibus
1344 1380 1398 1426 eta.

303 1445 422 1514 inquirit,
438 1445 516 1498 ethis
533 1445 632 1500 cunctis
648 1463 681 1498 ex
698 1462 780 1516 aequo
797 1445 928 1513 bonoque,
945 1442 1022 1506 dum,
1041 1442 1109 1512 quod
1122 1443 1209 1506 aiunt,
1224 1443 1399 1496 visitationem

303 1507 1401 1651 {annuntiatia,anulinus{suessulanum

302 1651 458 1718 investigat,
472 1651 553 1719 rigide
565 1652 677 1721 colligit,
694 1659 722 1706 et
739 1666 917 1719 nonnunquam
938 1649 1028 1702 exinde
1039 1649 1168 1719 peramplo
1180 1654 1285 1713 suctus,
1303 1649 1336 1700 ad
1347 1665 1398 1716 pa-

302 1719 439 1773 triarcham
457 1719 549 1773 desert.
583 1722 632 1773 hoc
653 1720 705 1773 eius
725 1737 815 1773 munus
833 1718 1003 1789 imperatoriis
1020 1718 1137 1770 exarchis
1148 1718 1173 1770 in
1186 1718 1258 1770 ltalia
1269 1717 1396 1786 quondam

303 1787 473 1841 residentibus
490 1807 541 1842 uon
552 1789 676 1854 absimile,
691 1789 728 1842 illi
740 1791 762 1841 si
775 1789 875 1858 quidem
885 1787 947 1840 balli
958 1787 1078 1858 pacisque
1088 1791 1204 1855 tempore
1216 1793 1307 1838 cuncta
1317 1787 1399 1858 impe-

302 1862 416 1910 ratorum
430 1856 487 1910 iura
501 1864 571 1911 sarta
590 1865 660 1911 tecta
677 1859 831 1910 servabantr
850 1855 877 1908 lai
894 1855 1005 1926 pariter,
1023 1872 1071 1908 oea
1087 1855 1245 1927 patriarchae
1261 1853 1349 1907 vicarii
1366 1871 1398 1908 ao
1461 1898 1464 1904 ,

303 1925 911 2063 {limiti“dimittant
928 1929 1399 2061 “titiltli‘ttlnistlta
1453 1921 1457 2001 3

302 2063 421 2130 πλησίον
442 2065 494 2116 τοῦ
516 2062 728 2132 ίαντκρυύοντος
753 2058 784 2117 ἐν
806 2058 950 2130 ἐκκλησία,
978 2059 1086 2146 quaerito
1107 2055 1139 2114 di
1162 2059 1212 2114 καί
1228 2061 1286 2114 πᾶν
1303 2061 1400 2122 σκεῦος

302 2129 352 2184 καί
368 2126 488 2201 οίλλοιχολς
503 2135 539 2202 τῆ
568 2135 697 2203 περιοχῆς
713 2133 763 2194 ι”ς
780 2115 940 2200 ianuarii.
976 2133 1141 2199 αναύεωρεί
1156 2125 1188 2183 di
1212 2128 1261 2183 καί
1275 2125 1325 2192 τοὶς
1339 2130 1400 2196 κρί·

302 2215 359 2260 σοις
373 2200 423 2268 τῆς
438 2195 521 2267 οἶχίας
537 2153 693 2270 inculpatae,
715 2153 747 2254 si
759 2194 913 2268 ἐκρίθησαν
929 2197 1051 2260 δικαίως.
1085 2195 1135 2252 καί
1153 2195 1255 2267 χρύφει
1271 2193 1307 2252 καὶ
1322 2195 1419 2252 dara-¹

301 2266 406 2335 μίνσια.
440 2263 606 2337 ἀναχορεύει
622 2267 655 2324 di
672 2267 719 2323 καί
740 2269 797 2322 τῶν
820 2261 1000 2335 ἀνδρογύνων
1026 2260 1062 2322 τοί
1080 2263 1236 2336 κωλύματα.
1272 2270 1401 2322 antimeta-

302 2336 349 2388 siis
361 2335 414 2388 dici
430 2339 554 2406 canique,
578 2357 627 2407 quo
643 2346 793 2392 eouscaata
808 2344 882 2398 suat,
901 2344 979 2389 motas
994 2337 1116 2406 apponit:
1137 2345 1163 2390 et
1177 2336 1399 2390 matrimoniorum

302 2405 487 2471 inpedimenta
508 2410 648 2460 nominat.
680 2408 792 2459 observa
808 2402 840 2457 τὸ
860 2399 965 2472 ύλλαχή
983 2414 1079 2459 uestem
1105 2423 1208 2458 samam
1228 2407 1341 2471 reterre,
1365 2400 1398 2458 mi

287 2467 431 2596 ‚putpap'ppa
454 2489 518 2527 voro
540 2472 700 2545 frequentius
723 2491 772 2545 per
791 2477 878 2532 ‚totam
900 2473 950 2528 hoc
972 2490 1037 2544 opas
1054 2491 1191 2528 occurrens
1206 2484 1291 2530 acates
1309 2491 1399 2529 ιιιοισι

400 2559 424 2597 e·
976 2578 981 2587 .
1136 2577 1139 2583 .

387 2654 453 2719 ibid.
494 2653 618 2718 Ultimus
645 2665 690 2717 est
725 2656 916 2733 ecclesiactica,
946 2655 1097 2736 praefectur
1127 2659 1256 2720 acclamo.
1295 2658 1400 2718 Citrius

305 2741 431 2800 nominat
444 2747 502 2801 tres
517 2739 661 2824 ἄρχοντας
673 2747 734 2805 νύν
749 2741 929 2823 ἐκκλησιῶν,
949 2743 1022 2800 inter
1036 2761 1107 2818 quos
1124 2745 1200 2802 haud
1220 2744 1304 2802 dubie
1318 2763 1401 2820 unus,

202 2830 292 2888 ΗΠ
309 2827 358 2906 qui
378 2845 466 2906 supra
488 2829 519 2887 in
541 2830 639 2904 quinta
658 2830 782 2906 pentade
803 2831 895 2887 dictus
913 2834 974 2905 est,
1001 2825 1020 2890 d
1039 2825 1140 2909 ύρχοιν
1158 2833 1219 2891 tois
1238 2829 1400 2908 ἐκκλησιῶν

308 2906 382 2991 μετὰ
396 2915 453 2975 τού
466 2915 629 2976 σακιλλίου.
649 2915 811 2974 Bouefidius
827 2915 926 2993 vertit,
941 2913 1035 2975 neseio
1056 2933 1141 2992 quam
1161 2915 1237 2974 bona
1256 2915 1328 2994 fide,
1347 2920 1399 2996 tres
1469 2980 1473 2986 ,

307 3001 483 3076 magistratus
497 3001 672 3061 ecclesianam.

376 3132 393 3191 ri
411 3133 617 3209 ἐκκλησιοίρχης]
638 3139 683 3210 qui
700 3157 764 3196 snae
785 3157 863 3196 carae
880 3141 1056 3194 demandatam
1074 3139 1197 3194 ecclesiae
1214 3155 1299 3192 caram
1316 3141 1399 3205 tenet,
1466 3163 1469 3168 ·

308 3204 342 3258 ad
357 3205 469 3258 officium
482 3206 595 3260 divinum
612 3208 658 3261 dat
673 3209 764 3278 signa,
785 3210 879 3264 lumina
893 3212 931 3263 dis
951 3211 1003 3263 onit
1022 3215 1049 3262 et
1067 3209 1197 3273 accendit,
1223 3208 1312 3260 sedilia
1328 3225 1401 3261 corn-

308 3273 398 3343 ponit,
421 3290 508 3327 sacras
523 3276 644 3344 imagines
660 3281 760 3347 profert
776 3280 818 3333 vel
836 3280 965 3344 recondat,
990 3295 1021 3330 ac
1043 3278 1152 3347 deniqne
1171 3277 1318 3329 munditiem
1341 3276 1401 3330 ubi-

308 3357 359 3411 que
375 3340 509 3411 splendere
521 3335 655 3414 providet,
677 3363 727 3400 uno
745 3350 825 3401 verbo
844 3350 892 3401 sub
911 3347 1096 3418 sceuophylaoe
1117 3362 1207 3414 magno
1223 3361 1343 3399 vasorum
1353 3364 1399 3398 cu·

308 3409 382 3481 stada
400 3410 531 3492 sacristam
549 3413 613 3481 agit.
647 3414 702 3469 sius
718 3416 865 3470 instituendi
883 3418 989 3470 formam
1007 3415 1033 3468 in
1051 3413 1229 3484 Euohologicis
1246 3414 1342 3485 protuli
1353 3415 1398 3472 fol.

308 3479 368 3532 489.
382 3495 477 3531 socrum
490 3497 522 3532 ex
534 3481 693 3535 Graecorum
703 3485 785 3537 relatu
796 3481 847 3540 cris
857 3485 906 3538 δια
925 3480 1011 3553 αοιήν
1028 3487 1147 3538 lectorem
1158 3503 1301 3538 sermonum
1315 3493 1340 3538 et
1352 3486 1399 3537 ίιο-

307 3550 438 3601 aniliacam
457 3553 484 3600 et
499 3545 700 3619 κανδηλοίπτην
716 3555 796 3608 cercis
817 3557 973 3623 laceransque
995 3554 1163 3608 accendendis
1180 3557 1340 3622 praefectam
1352 3551 1399 3604 ad-

310 3616 388 3670 iunxi.
422 3616 498 3682 haio,
519 3617 585 3671 deut
603 3623 631 3671 et
645 3621 688 3688 τρῖ
701 3619 895 3694 λαοσυνύπκη,
922 3622 1048 3690 signorum
1065 3621 1091 3674 in
1111 3623 1218 3676 ecclesia
1228 3620 1400 3675 faciendorum

310 3684 423 3770 etodium
440 3686 690 3742 committitdllatius
700 3688 913 3746 clementiarum
924 3692 1084 3744 Graecorum
1093 3692 1197 3761 templis
1208 3691 1253 3745 iol.
1267 3693 1326 3745 101.
1340 3706 1400 3760 pro-

310 3753 436 3823 andeqm,
453 3754 476 3808 si
491 3772 542 3809 non
553 3772 639 3810 eorum
650 3774 753 3812 munere
762 3761 893 3828 sangdan,
910 3776 974 3814 suae
985 3761 1076 3829 saltem
1086 3759 1246 3830 dispositioni
1256 3766 1327 3813 tenet
1338 3760 1400 3812 sab·

311 3822 393 3875 iectos
413 3823 458 3892 qui
476 3830 615 3894 sequuntur
630 3825 657 3878 in
678 3827 821 3886 Allatianis.
854 3825 869 3884 d
889 3827 1027 3898 πρύξιμος
1042 3825 1142 3896 ὁρίζει,
1159 3827 1208 3883 καί
1224 3828 1401 3899 σημαίνουσιν

312 3883 343 3944 ἐν
360 3891 404 3963 aqi
416 3895 507 3977 καιρρί
521 3894 571 3962 τῆς
586 3895 750 3979 ηρλμῳὸίαρ
769 3893 800 3950 ἐν
815 3896 850 3966 ari
866 3899 1006 3984 καμολικῇ
1030 3895 1167 4019 ίκκληοίρ.
1202 3891 1400 3980 ὁκατοιχοριρί-

312 3961 690 4098 μαλακαῖσιν
704 3961 1138 4104 statuariunt,
1154 3962 1402 4101 κυκλίσκοι

314 4115 384 4181 14096
404 4091 503 4167 iverit
522 4100 574 4152 τοῦ
600 4100 686 4171 isati,
717 4102 766 4158 ἵνα
790 4103 891 4159 oeldo
911 4106 934 4173 .)
980 4101 1011 4160 οί
1035 4108 1130 4174 lanua
1150 4099 1226 4170 ύριοι
1255 4102 1402 4166 καθίζουσι

255 4206 263 4217 e
315 4167 380 4235 (αλια
389 4186 402 4252 ².
418 4168 617 4238 καθαρίζουσι)
639 4165 691 4233 soie
713 4173 875 4243 λαμνιαδας,
891 4191 1028 4228 aaronem
1043 4169 1074 4226 ἐν
1090 4172 1127 4226 τ’
1141 4167 1282 4246 ἐκκλησίᾳ.
1317 4168 1332 4226 ὃ
1353 4170 1401 4242 βα·

314 4251 477 4305 σταχαριος,
499 4237 549 4291 isa
573 4239 662 4312 βασκᾷ
684 4235 735 4294 τίκ
756 4243 806 4312 τῆς
827 4237 972 4313 ἐκκλησίας
994 4237 1075 4310 ύχιον
1092 4190 1133 4304 oie
1149 4235 1225 4302 λιτὰς
1242 4237 1290 4295 καί
1306 4233 1404 4310 ἓοριολς

219 4345 222 4348 -
315 4299 474 4378 ἐπισήμους.
509 4307 566 4377 [Μι
590 4303 622 4363 oi
639 4306 757 4384 θούριοι
780 4306 818 4366 roi
835 4313 964 4382 θεωροῦν
980 4311 1029 4367 καί
1045 4307 1082 4366 ναὶ
1098 4305 1255 4366 σκοπεύουν
1270 4306 1336 4374 τούς
1351 4304 1401 4378 oia-
1459 4317 1473 4384 J
