<?xml version="1.0" encoding="UTF-8"?>
<!DOCTYPE html PUBLIC "-//W3C//DTD XHTML 1.0 Transitional//EN"
    "http://www.w3.org/TR/xhtml1/DTD/xhtml1-transitional.dtd">
<html xmlns="http://www.w3.org/1999/xhtml" xml:lang="en" lang="en">
 <head>
  <title>
</title>
<meta http-equiv="Content-Type" content="text/html;charset=utf-8" />
  <meta name='ocr-system' content='tesseract 3.04.00' />
  <meta name='ocr-capabilities' content='ocr_page ocr_carea ocr_par ocr_line ocrx_word'/>
</head>
<body>
  <div class='ocr_page' id='page_1' title='image "./corpusscriptoru43theogoog/corpusscriptoru43theogoog_0011.png"; bbox 0 0 3092 4942; ppageno 0'>
   <div class='ocr_carea' id='block_1_1' title="bbox 488 274 1282 360">
    <p class='ocr_par' dir='ltr' id='par_1_1' title="bbox 488 274 1282 360">
     <span class='ocr_line' id='line_1_1' title="bbox 488 274 1282 360; baseline 0.001 -21"><span class='ocrx_word' id='word_1_1' title='bbox 488 277 490 282; x_wconf 87' lang='grc'><strong>’</strong></span> <span class='ocrx_word' id='word_1_2' title='bbox 605 274 844 360; x_wconf 79' lang='lat' dir='ltr'><strong>DEDICATIO.</strong></span> <span class='ocrx_word' id='word_1_3' title='bbox 1067 322 1071 335; x_wconf 88' lang='lat'>.</span> <span class='ocrx_word' id='word_1_4' title='bbox 1231 293 1282 340; x_wconf 83' lang='lat' dir='ltr'>vu</span> 
     </span>
    </p>
   </div>
   <div class='ocr_carea' id='block_1_2' title="bbox 178 471 1284 654">
    <p class='ocr_par' dir='ltr' id='par_1_2' title="bbox 178 471 1284 654">
     <span class='ocr_line' id='line_1_2' title="bbox 178 471 1283 566; baseline -0.002 -32"><span class='ocrx_word' id='word_1_5' title='bbox 178 492 256 534; x_wconf 83' lang='lat' dir='ltr'>esses</span> <span class='ocrx_word' id='word_1_6' title='bbox 270 471 461 544; x_wconf 57' lang='lat' dir='ltr'>exhibiturum</span> <span class='ocrx_word' id='word_1_7' title='bbox 484 473 535 566; x_wconf 73' lang='lat' dir='ltr'>sed</span> <span class='ocrx_word' id='word_1_8' title='bbox 552 489 637 550; x_wconf 82' lang='lat' dir='ltr'>quarn</span> <span class='ocrx_word' id='word_1_9' title='bbox 649 474 738 554; x_wconf 82' lang='lat' dir='ltr'>probe</span> <span class='ocrx_word' id='word_1_10' title='bbox 755 473 802 534; x_wconf 82' lang='lat' dir='ltr'>Te</span> <span class='ocrx_word' id='word_1_11' title='bbox 815 473 909 547; x_wconf 82' lang='lat' dir='ltr'>novit,</span> <span class='ocrx_word' id='word_1_12' title='bbox 933 477 992 531; x_wconf 74' lang='lat' dir='ltr'>tem</span> <span class='ocrx_word' id='word_1_13' title='bbox 1006 471 1162 530; x_wconf 66' lang='lat' dir='ltr'>vmecnnde</span> <span class='ocrx_word' id='word_1_14' title='bbox 1182 471 1212 530; x_wconf 86' lang='lat' dir='ltr'>in</span> <span class='ocrx_word' id='word_1_15' title='bbox 1228 471 1283 532; x_wconf 84' lang='lat' dir='ltr'>hoc</span> 
     </span>
     <span class='ocr_line' id='line_1_3' title="bbox 178 573 1284 654; baseline 0.004 -22"><span class='ocrx_word' id='word_1_16' title='bbox 178 577 242 654; x_wconf 86' lang='lat' dir='ltr'>ipso</span> <span class='ocrx_word' id='word_1_17' title='bbox 256 591 397 653; x_wconf 82' lang='lat' dir='ltr'>purpurae</span> <span class='ocrx_word' id='word_1_18' title='bbox 416 574 493 631; x_wconf 86' lang='lat' dir='ltr'>douo</span> <span class='ocrx_word' id='word_1_19' title='bbox 511 593 615 634; x_wconf 86' lang='lat' dir='ltr'>novum</span> <span class='ocrx_word' id='word_1_20' title='bbox 638 595 670 634; x_wconf 83' lang='lat' dir='ltr'>ae</span> <span class='ocrx_word' id='word_1_21' title='bbox 690 575 852 654; x_wconf 86' lang='lat' dir='ltr'>ampliorem</span> <span class='ocrx_word' id='word_1_22' title='bbox 873 575 978 633; x_wconf 80' lang='lat' dir='ltr'>ntetm</span> <span class='ocrx_word' id='word_1_23' title='bbox 996 574 1136 652; x_wconf 82' lang='lat' dir='ltr'>accepisse</span> <span class='ocrx_word' id='word_1_24' title='bbox 1148 573 1284 653; x_wconf 82' lang='lat' dir='ltr'>splendo-</span> 
     </span>
    </p>
   </div>
   <div class='ocr_carea' id='block_1_3' title="bbox 176 673 1285 1748">
    <p class='ocr_par' dir='ltr' id='par_1_3' title="bbox 176 673 1285 1748">
     <span class='ocr_line' id='line_1_4' title="bbox 178 673 1284 754; baseline 0.001 -20"><span class='ocrx_word' id='word_1_25' title='bbox 178 693 246 734; x_wconf 85' lang='lat' dir='ltr'>rem.</span> <span class='ocrx_word' id='word_1_26' title='bbox 289 673 366 732; x_wconf 90' lang='lat' dir='ltr'>illum</span> <span class='ocrx_word' id='word_1_27' title='bbox 379 673 456 733; x_wconf 85' lang='lat' dir='ltr'>velut</span> <span class='ocrx_word' id='word_1_28' title='bbox 473 674 636 735; x_wconf 78' lang='lat' dir='ltr'>admiiautis</span> <span class='ocrx_word' id='word_1_29' title='bbox 651 677 751 736; x_wconf 82' lang='lat' dir='ltr'>turbae</span> <span class='ocrx_word' id='word_1_30' title='bbox 765 696 838 736; x_wconf 87' lang='lat' dir='ltr'>unus</span> <span class='ocrx_word' id='word_1_31' title='bbox 855 673 946 754; x_wconf 89' lang='lat' dir='ltr'>(cuins</span> <span class='ocrx_word' id='word_1_32' title='bbox 961 675 1035 734; x_wconf 89' lang='lat' dir='ltr'>enim</span> <span class='ocrx_word' id='word_1_33' title='bbox 1048 675 1172 734; x_wconf 79' lang='lat' dir='ltr'>animum</span> <span class='ocrx_word' id='word_1_34' title='bbox 1182 680 1284 745; x_wconf 74' lang='lat' dir='ltr'>tantus</span> 
     </span>
     <span class='ocr_line' id='line_1_5' title="bbox 178 775 1285 858; baseline 0.003 -24"><span class='ocrx_word' id='word_1_35' title='bbox 178 775 274 852; x_wconf 81' lang='lat' dir='ltr'><strong>fulgor</strong></span> <span class='ocrx_word' id='word_1_36' title='bbox 293 793 351 834; x_wconf 89' lang='lat' dir='ltr'>non</span> <span class='ocrx_word' id='word_1_37' title='bbox 371 775 492 837; x_wconf 71' lang='lat' dir='ltr'>alliceret</span> <span class='ocrx_word' id='word_1_38' title='bbox 504 782 555 835; x_wconf 83' lang='lat' dir='ltr'>aut</span> <span class='ocrx_word' id='word_1_39' title='bbox 575 776 771 858; x_wconf 82' lang='lat' dir='ltr'>exhilararet),</span> <span class='ocrx_word' id='word_1_40' title='bbox 799 775 929 855; x_wconf 84' lang='lat' dir='ltr'>deposito</span> <span class='ocrx_word' id='word_1_41' title='bbox 954 793 1012 834; x_wconf 89' lang='lat' dir='ltr'>uon</span> <span class='ocrx_word' id='word_1_42' title='bbox 1038 777 1141 836; x_wconf 79' lang='lat' dir='ltr'>amisso</span> <span class='ocrx_word' id='word_1_43' title='bbox 1165 778 1285 858; x_wconf 90' lang='lat' dir='ltr'>pudore,</span> 
     </span>
     <span class='ocr_line' id='line_1_6' title="bbox 178 875 1285 959; baseline 0.006 -25"><span class='ocrx_word' id='word_1_44' title='bbox 178 877 294 936; x_wconf 86' lang='lat' dir='ltr'>vicinior</span> <span class='ocrx_word' id='word_1_45' title='bbox 306 875 408 935; x_wconf 87' lang='lat' dir='ltr'>intueri</span> <span class='ocrx_word' id='word_1_46' title='bbox 421 897 484 938; x_wconf 86' lang='lat' dir='ltr'>sum</span> <span class='ocrx_word' id='word_1_47' title='bbox 502 897 602 959; x_wconf 77' lang='lat' dir='ltr'>ausus,</span> <span class='ocrx_word' id='word_1_48' title='bbox 627 899 684 956; x_wconf 93' lang='lat' dir='ltr'>quo</span> <span class='ocrx_word' id='word_1_49' title='bbox 707 899 770 940; x_wconf 90' lang='lat' dir='ltr'>meo</span> <span class='ocrx_word' id='word_1_50' title='bbox 788 877 878 937; x_wconf 81' lang='lat' dir='ltr'>labori</span> <span class='ocrx_word' id='word_1_51' title='bbox 899 882 930 936; x_wconf 87' lang='lat' dir='ltr'>et</span> <span class='ocrx_word' id='word_1_52' title='bbox 951 878 1029 955; x_wconf 87' lang='lat' dir='ltr'>operi</span> <span class='ocrx_word' id='word_1_53' title='bbox 1047 877 1115 937; x_wconf 88' lang='lat' dir='ltr'>lueis</span> <span class='ocrx_word' id='word_1_54' title='bbox 1136 879 1285 958; x_wconf 87' lang='lat' dir='ltr'>plurimum</span> 
     </span>
     <span class='ocr_line' id='line_1_7' title="bbox 180 977 1285 1056; baseline 0.002 -18"><span class='ocrx_word' id='word_1_55' title='bbox 180 977 323 1056; x_wconf 79' lang='lat' dir='ltr'>effulgeat</span> <span class='ocrx_word' id='word_1_56' title='bbox 365 978 514 1040; x_wconf 77' lang='lat' dir='ltr'>levidense</span> <span class='ocrx_word' id='word_1_57' title='bbox 530 981 619 1040; x_wconf 78' lang='lat' dir='ltr'>offero</span> <span class='ocrx_word' id='word_1_58' title='bbox 634 979 702 1041; x_wconf 88' lang='lat' dir='ltr'>Tibi</span> <span class='ocrx_word' id='word_1_59' title='bbox 714 999 832 1056; x_wconf 89' lang='lat' dir='ltr'>munus,</span> <span class='ocrx_word' id='word_1_60' title='bbox 852 979 905 1037; x_wconf 86' lang='lat' dir='ltr'>sed</span> <span class='ocrx_word' id='word_1_61' title='bbox 916 977 1021 1038; x_wconf 82' lang='lat' dir='ltr'>effectu</span> <span class='ocrx_word' id='word_1_62' title='bbox 1033 982 1158 1056; x_wconf 80' lang='lat' dir='ltr'>grande3</span> <span class='ocrx_word' id='word_1_63' title='bbox 1177 981 1285 1041; x_wconf 87' lang='lat' dir='ltr'>meritis</span> 
     </span>
     <span class='ocr_line' id='line_1_8' title="bbox 180 1079 1285 1162; baseline 0 -22"><span class='ocrx_word' id='word_1_64' title='bbox 180 1083 279 1161; x_wconf 81' lang='lat' dir='ltr'>impar,</span> <span class='ocrx_word' id='word_1_65' title='bbox 298 1100 395 1142; x_wconf 87' lang='lat' dir='ltr'>verum</span> <span class='ocrx_word' id='word_1_66' title='bbox 413 1081 444 1140; x_wconf 87' lang='lat' dir='ltr'>iu</span> <span class='ocrx_word' id='word_1_67' title='bbox 466 1097 523 1158; x_wconf 91' lang='lat' dir='ltr'>quo</span> <span class='ocrx_word' id='word_1_68' title='bbox 536 1081 644 1140; x_wconf 88' lang='lat' dir='ltr'>cunctis</span> <span class='ocrx_word' id='word_1_69' title='bbox 663 1101 714 1141; x_wconf 88' lang='lat' dir='ltr'>eeu</span> <span class='ocrx_word' id='word_1_70' title='bbox 734 1080 876 1160; x_wconf 72' lang='lat' dir='ltr'>congestis</span> <span class='ocrx_word' id='word_1_71' title='bbox 898 1079 928 1138; x_wconf 87' lang='lat' dir='ltr'>in</span> <span class='ocrx_word' id='word_1_72' title='bbox 946 1098 1076 1142; x_wconf 77' lang='lat' dir='ltr'>acervum</span> <span class='ocrx_word' id='word_1_73' title='bbox 1091 1081 1285 1162; x_wconf 82' lang='lat' dir='ltr'>dignitatibus,</span> 
     </span>
     <span class='ocr_line' id='line_1_9' title="bbox 181 1180 1283 1262; baseline 0.004 -22"><span class='ocrx_word' id='word_1_74' title='bbox 181 1189 316 1258; x_wconf 77' lang='lat' dir='ltr'>quantum</span> <span class='ocrx_word' id='word_1_75' title='bbox 334 1181 382 1244; x_wconf 83' lang='lat' dir='ltr'>ille</span> <span class='ocrx_word' id='word_1_76' title='bbox 395 1180 449 1241; x_wconf 88' lang='lat' dir='ltr'>sibi</span> <span class='ocrx_word' id='word_1_77' title='bbox 464 1181 524 1241; x_wconf 89' lang='lat' dir='ltr'>iure</span> <span class='ocrx_word' id='word_1_78' title='bbox 538 1184 733 1262; x_wconf 83' lang='lat' dir='ltr'>deposcerent,</span> <span class='ocrx_word' id='word_1_79' title='bbox 752 1185 829 1244; x_wconf 88' lang='lat' dir='ltr'>bono</span> <span class='ocrx_word' id='word_1_80' title='bbox 843 1183 872 1242; x_wconf 89' lang='lat' dir='ltr'>in</span> <span class='ocrx_word' id='word_1_81' title='bbox 890 1181 992 1241; x_wconf 87' lang='lat' dir='ltr'>lumine</span> <span class='ocrx_word' id='word_1_82' title='bbox 1005 1202 1091 1262; x_wconf 89' lang='lat' dir='ltr'>pono.</span> <span class='ocrx_word' id='word_1_83' title='bbox 1132 1183 1187 1244; x_wconf 86' lang='lat' dir='ltr'>hoc</span> <span class='ocrx_word' id='word_1_84' title='bbox 1197 1186 1283 1262; x_wconf 86' lang='lat' dir='ltr'>igitur</span> 
     </span>
     <span class='ocr_line' id='line_1_10' title="bbox 181 1281 1281 1374; baseline 0.004 -31"><span class='ocrx_word' id='word_1_85' title='bbox 181 1281 374 1374; x_wconf 75' lang='lat' dir='ltr'>pbserventiae</span> <span class='ocrx_word' id='word_1_86' title='bbox 386 1285 416 1344; x_wconf 86' lang='lat' dir='ltr'>lu</span> <span class='ocrx_word' id='word_1_87' title='bbox 429 1281 475 1343; x_wconf 85' lang='lat' dir='ltr'>Te</span> <span class='ocrx_word' id='word_1_88' title='bbox 494 1303 573 1344; x_wconf 81' lang='lat' dir='ltr'>meae</span> <span class='ocrx_word' id='word_1_89' title='bbox 592 1286 794 1346; x_wconf 87' lang='lat' dir='ltr'>monimentum</span> <span class='ocrx_word' id='word_1_90' title='bbox 807 1284 890 1344; x_wconf 89' lang='lat' dir='ltr'>velim</span> <span class='ocrx_word' id='word_1_91' title='bbox 903 1285 1039 1365; x_wconf 81' lang='lat' dir='ltr'>excipias,</span> <span class='ocrx_word' id='word_1_92' title='bbox 1065 1291 1095 1346; x_wconf 87' lang='lat' dir='ltr'>et</span> <span class='ocrx_word' id='word_1_93' title='bbox 1110 1286 1197 1346; x_wconf 90' lang='lat' dir='ltr'>oeulis</span> <span class='ocrx_word' id='word_1_94' title='bbox 1218 1290 1281 1365; x_wconf 89' lang='lat' dir='ltr'>qui-</span> 
     </span>
     <span class='ocr_line' id='line_1_11' title="bbox 181 1384 1281 1466; baseline 0.005 -22"><span class='ocrx_word' id='word_1_95' title='bbox 181 1385 234 1444; x_wconf 88' lang='lat' dir='ltr'>bus</span> <span class='ocrx_word' id='word_1_96' title='bbox 252 1404 345 1444; x_wconf 88' lang='lat' dir='ltr'>meum</span> <span class='ocrx_word' id='word_1_97' title='bbox 361 1384 479 1466; x_wconf 80' lang='lat' dir='ltr'>rapuisti</span> <span class='ocrx_word' id='word_1_98' title='bbox 498 1387 606 1465; x_wconf 79' lang='lat' dir='ltr'>pridem</span> <span class='ocrx_word' id='word_1_99' title='bbox 623 1386 760 1464; x_wconf 86' lang='lat' dir='ltr'>animum,</span> <span class='ocrx_word' id='word_1_100' title='bbox 790 1386 912 1465; x_wconf 84' lang='lat' dir='ltr'>benigne</span> <span class='ocrx_word' id='word_1_101' title='bbox 932 1388 1045 1466; x_wconf 82' lang='lat' dir='ltr'>inspice</span> <span class='ocrx_word' id='word_1_102' title='bbox 1086 1386 1151 1448; x_wconf 85' lang='lat' dir='ltr'>vale</span> <span class='ocrx_word' id='word_1_103' title='bbox 1167 1402 1198 1450; x_wconf 87' lang='lat' dir='ltr'>et</span> <span class='ocrx_word' id='word_1_104' title='bbox 1218 1391 1281 1450; x_wconf 87' lang='lat' dir='ltr'>vire</span> 
     </span>
     <span class='ocr_line' id='line_1_12' title="bbox 180 1485 1280 1570; baseline 0.005 -24"><span class='ocrx_word' id='word_1_105' title='bbox 180 1487 311 1546; x_wconf 81' lang='lat' dir='ltr'>ecclesiae</span> <span class='ocrx_word' id='word_1_106' title='bbox 331 1489 369 1548; x_wconf 80' lang='lat' dir='ltr'>ad</span> <span class='ocrx_word' id='word_1_107' title='bbox 392 1486 560 1566; x_wconf 80' lang='lat' dir='ltr'>utilitatem,</span> <span class='ocrx_word' id='word_1_108' title='bbox 593 1485 701 1546; x_wconf 81' lang='lat' dir='ltr'>Galliae</span> <span class='ocrx_word' id='word_1_109' title='bbox 724 1489 762 1547; x_wconf 82' lang='lat' dir='ltr'>ud</span> <span class='ocrx_word' id='word_1_110' title='bbox 786 1508 869 1547; x_wconf 88' lang='lat' dir='ltr'>omne</span> <span class='ocrx_word' id='word_1_111' title='bbox 888 1507 978 1566; x_wconf 85' lang='lat' dir='ltr'>genus</span> <span class='ocrx_word' id='word_1_112' title='bbox 997 1488 1151 1570; x_wconf 71' lang='lat' dir='ltr'>felicitatis,</span> <span class='ocrx_word' id='word_1_113' title='bbox 1179 1491 1280 1552; x_wconf 87' lang='lat' dir='ltr'>Ordini</span> 
     </span>
     <span class='ocr_line' id='line_1_13' title="bbox 177 1587 1281 1671; baseline 0.007 -25"><span class='ocrx_word' id='word_1_114' title='bbox 177 1593 277 1648; x_wconf 89' lang='lat' dir='ltr'>nostro</span> <span class='ocrx_word' id='word_1_115' title='bbox 288 1589 327 1648; x_wconf 81' lang='lat' dir='ltr'>ed</span> <span class='ocrx_word' id='word_1_116' title='bbox 339 1594 542 1666; x_wconf 84' lang='lat' dir='ltr'>ornamentum,</span> <span class='ocrx_word' id='word_1_117' title='bbox 564 1587 631 1648; x_wconf 90' lang='lat' dir='ltr'>Tibi</span> <span class='ocrx_word' id='word_1_118' title='bbox 644 1590 682 1648; x_wconf 83' lang='lat' dir='ltr'>ed</span> <span class='ocrx_word' id='word_1_119' title='bbox 695 1589 807 1650; x_wconf 79' lang='lat' dir='ltr'>beatem</span> <span class='ocrx_word' id='word_1_120' title='bbox 820 1590 945 1671; x_wconf 80' lang='lat' dir='ltr'>gloriam.</span> <span class='ocrx_word' id='word_1_121' title='bbox 987 1591 1029 1651; x_wconf 83' lang='lat' dir='ltr'>its</span> <span class='ocrx_word' id='word_1_122' title='bbox 1040 1597 1125 1652; x_wconf 82' lang='lat' dir='ltr'>vovet</span> <span class='ocrx_word' id='word_1_123' title='bbox 1140 1594 1281 1656; x_wconf 85' lang='lat' dir='ltr'>summissi</span> 
     </span>
     <span class='ocr_line' id='line_1_14' title="bbox 176 1709 263 1748; baseline 0 0"><span class='ocrx_word' id='word_1_124' title='bbox 176 1709 263 1748; x_wconf 86' lang='lat' dir='ltr'>enum</span> 
     </span>
    </p>
   </div>
   <div class='ocr_carea' id='block_1_4' title="bbox 220 1872 500 1936">
    <p class='ocr_par' dir='ltr' id='par_1_4' title="bbox 220 1872 500 1936">
     <span class='ocr_line' id='line_1_15' title="bbox 220 1872 500 1936; baseline 0 -2"><span class='ocrx_word' id='word_1_125' title='bbox 220 1872 393 1934; x_wconf 84' lang='lat' dir='ltr'>Eminentiae</span> <span class='ocrx_word' id='word_1_126' title='bbox 417 1873 500 1936; x_wconf 78' lang='lat' dir='ltr'>Tuae</span> 
     </span>
    </p>
   </div>
   <div class='ocr_carea' id='block_1_5' title="bbox 178 2459 648 2654">
    <p class='ocr_par' dir='ltr' id='par_1_5' title="bbox 178 2459 648 2654">
     <span class='ocr_line' id='line_1_16' title="bbox 243 2459 648 2534; baseline -0.007 -2"><span class='ocrx_word' id='word_1_127' title='bbox 243 2473 268 2532; x_wconf 83' lang='lat' dir='ltr'><strong>E</strong></span> <span class='ocrx_word' id='word_1_128' title='bbox 281 2479 420 2534; x_wconf 86' lang='lat' dir='ltr'>conventu</span> <span class='ocrx_word' id='word_1_129' title='bbox 434 2479 485 2532; x_wconf 88' lang='lat' dir='ltr'>tuo</span> <span class='ocrx_word' id='word_1_130' title='bbox 499 2459 648 2532; x_wconf 84' lang='lat' dir='ltr'>Parisiensi</span> 
     </span>
     <span class='ocr_line' id='line_1_17' title="bbox 178 2591 541 2654; baseline -0.006 -2"><span class='ocrx_word' id='word_1_131' title='bbox 178 2595 210 2652; x_wconf 88' lang='lat' dir='ltr'>S.</span> <span class='ocrx_word' id='word_1_132' title='bbox 228 2593 333 2652; x_wconf 79' lang='lat' dir='ltr'>Mariae</span> <span class='ocrx_word' id='word_1_133' title='bbox 348 2591 541 2654; x_wconf 82' lang='lat' dir='ltr'>annuncietee.</span> 
     </span>
    </p>
   </div>
   <div class='ocr_carea' id='block_1_6' title="bbox 617 2793 1283 2998">
    <p class='ocr_par' dir='ltr' id='par_1_6' title="bbox 617 2793 1283 2998">
     <span class='ocr_line' id='line_1_18' title="bbox 798 2793 1102 2852; baseline -0.003 -1"><span class='ocrx_word' id='word_1_134' title='bbox 798 2793 987 2852; x_wconf 83' lang='lat' dir='ltr'>deditissimus</span> <span class='ocrx_word' id='word_1_135' title='bbox 1004 2808 1102 2852; x_wconf 81' lang='lat' dir='ltr'>servus</span> 
     </span>
     <span class='ocr_line' id='line_1_19' title="bbox 617 2907 1283 2998; baseline 0.002 -26"><span class='ocrx_word' id='word_1_136' title='bbox 617 2911 651 2998; x_wconf 59' lang='lat' dir='ltr'>F,</span> <span class='ocrx_word' id='word_1_137' title='bbox 680 2907 894 2974; x_wconf 74' lang='lat' dir='ltr'>ldcossus</span> <span class='ocrx_word' id='word_1_138' title='bbox 924 2908 1056 2974; x_wconf 74' lang='lat' dir='ltr'>Godlt</span> <span class='ocrx_word' id='word_1_139' title='bbox 1083 2911 1143 2972; x_wconf 85' lang='lat' dir='ltr'>ord</span> <span class='ocrx_word' id='word_1_140' title='bbox 1156 2908 1283 2973; x_wconf 80' lang='lat' dir='ltr'>Praedic.</span> 
     </span>
    </p>
   </div>
   <div class='ocr_carea' id='block_1_7' title="bbox 0 0 1556 4942">
    <p class='ocr_par' dir='ltr' id='par_1_7' title="bbox 0 0 1556 4942">
     <span class='ocr_line' id='line_1_20' title="bbox 0 0 1556 4942; baseline 0 0"><span class='ocrx_word' id='word_1_141' title='bbox 0 0 1556 4942; x_wconf 95' lang='lat' dir='ltr'> </span> 
     </span>
    </p>
   </div>
  </div>
 </body>
</html>
