3092 4942
389 452 462 525 180
539 446 751 519 GRETSERI
766 448 823 515 ΕΤ
841 384 975 514 Gdsal
989 441 1325 512 COMMENTARIUS

408 659 412 664 ,
454 631 482 685 p.
500 614 518 669 9
533 630 561 667 v.
579 612 607 666 ⁶.
640 605 779 665 amtorem
802 613 860 663 eret
883 622 974 677 eqnm
994 607 1068 661 frena
1091 610 1180 660 maere
1196 610 1224 661 et
1240 603 1417 659 masceadeati
1429 604 1480 657 iae·

386 684 507 755 gistrstni
531 698 606 753 opem
630 682 708 735 ferre.
743 678 900 747 Spartianus
923 675 950 729 ia
974 676 1122 729 Caracallas
1152 693 1210 729 eum
1237 676 1312 729 illum
1337 676 1368 727 ia
1391 690 1480 742 equum

386 760 484 807 σλτοεοτ
501 753 556 806 dus
573 752 682 805 λοοοτιλ.
717 747 812 801 Paulus
829 746 958 799 Diaconos
976 742 1009 797 de
1020 746 1101 812 gestis
1112 744 1290 813 Langobardi
1308 761 1385 813 ορααι
1394 760 1482 813 ρεστο-

386 822 429 877 nie
447 822 509 875 isiae
525 820 588 873 inde
605 816 808 882 retentoribus,
825 814 974 868 νενοενίλιιιο
991 830 1094 881 coesus,
1106 832 1164 897 χιοτι
1179 820 1284 883 poterat
1301 812 1407 867 elevari.
1438 806 1482 863 fa·

386 887 529 959 ποκάμοος
547 906 593 942 σοι
608 887 697 940 dixere
712 891 816 937 veteres
835 882 945 935 Graecis
972 876 1063 943 maie
1085 900 1137 935 ονν
1161 879 1345 949 καλεσάμενος
1360 874 1423 941 τοδε
1437 875 1482 931 in-

386 956 530 1027 ποκάμονς
544 956 593 1011 καλ
608 956 661 1010 τοῦ
677 954 767 1006 ἵππου
793 946 893 1022 ἐπιβάς
918 950 969 1017 τῆς
984 945 1057 1015 uodo
1078 945 1145 1011 rode
1167 944 1333 1019 Κομνηνοάς
1352 944 1484 1018 φεροάσης

385 1028 503 1096 πορείας
535 1019 640 1094 ἥψατο.
672 1019 832 1091 οτράττοραρ
866 1019 1032 1073 recentiores.
1066 1020 1253 1089 Theophanen
1278 1013 1347 1088 μετά
1374 1018 1483 1071 σπονδα-

388 1096 457 1166 ρίων
471 1093 520 1151 καὶ
534 1088 699 1160 οτρατάρων
714 1091 798 1145 τινῶν
820 1085 869 1141 καὶ
893 1081 995 1156 ἑτέραν
1019 1087 1167 1159 βασιλικῶν
1192 1083 1367 1155 άνδρώπαν.
1400 1103 1484 1140 eornm

388 1167 487 1237 primns
508 1156 738 1230 πρατοοτράτωρ.
756 1158 888 1211 cedrenus
908 1156 936 1211 in
966 1156 1126 1227 Theophila:
1155 1150 1270 1226 Μιχαὴλ
1297 1150 1484 1224 ἱπποκάμιονὸ

387 1236 499 1303 πρῶτος
513 1230 673 1300 γενόμενος·
699 1222 940 1298 πρωτοοτράταρα
955 1226 1057 1281 τοῦτον
1072 1222 1149 1293 φασί.
1184 1226 1273 1281 eadem
1296 1228 1352 1281 fere
1369 1225 1483 1295 (ἕστορα-

386 1304 443 1357 loto
470 1300 537 1373 apud
567 1298 716 1355 Menrsinm.
762 1296 935 1365 Theophanes
964 1294 993 1347 ia
1014 1294 1143 1347 Michaele
1165 1293 1302 1363 Theophili
1327 1294 1395 1347 filios
1424 1296 1484 1355 τοῖς

389 1368 505 1431 οἰκείοις
529 1364 695 1436 ἱπποκόμοις
711 1364 855 1419 Βασίλειον
871 1358 1016 1431 ἐπέστησε·
1040 1360 1280 1429 πρατοοτράταροι
1292 1363 1395 1417 τοῦτον
1410 1356 1486 1415 οἶδεν

387 1434 536 1507 ὀνομάζειν
551 1435 570 1505 ἡ
585 1434 727 1498 διάλεκτος
742 1430 833 1502 κοινή.
868 1433 958 1487 eadem
974 1432 1006 1486 ad
1023 1432 1128 1487 verbum
1146 1450 1178 1485 ex
1194 1432 1356 1501 Theophane
1372 1430 1486 1484 Zonaras

387 1514 457 1565 Ana.
475 1511 503 1568 ³.
538 1508 589 1569 alio
614 1505 714 1559 mesine
737 1498 902 1569 ἱπποκόμων
917 1497 1106 1569 στρατεύοντα
1118 1500 1224 1555 vocavit
1240 1500 1374 1553 carenos
1391 1496 1420 1553 in
1435 1498 1485 1553 Mi·

387 1577 479 1631 ebsele
496 1574 635 1640 Rancabe,
654 1570 762 1642 κόμητα
775 1572 827 1626 τοῦ
843 1567 1029 1625 ἱπποστασίον
1044 1570 1070 1623 in
1087 1570 1177 1623 isauro
1193 1568 1291 1623 Leone.
1325 1564 1485 1636 δομὲστικον

388 1661 493 1715 qnoque
519 1645 575 1699 esis
600 1639 766 1710 οτρατάραν
791 1640 857 1695 dixit
880 1640 908 1693 in
933 1639 1070 1693 Instistiano
1092 1640 1110 1693 2
1133 1638 1322 1708 Theophanen
1345 1638 1486 1705 ibidemque

386 1710 631 1782 πρατοστράτωρα
645 1714 698 1766 τοῦ
715 1707 828 1777 dundee
848 1715 984 1771 memorat,
1011 1708 1087 1761 alium
1105 1714 1190 1761 tamen
1207 1723 1224 1759 a
1241 1706 1328 1774 regio,
1353 1707 1486 1761 comitatus

386 1776 1085 1905 imitttlt'lffaellitffidllla
1102 1774 1489 1915 ifiifflsuiiiqiieiifilif

368 1920 472 1989 ’ρλοιοτ
494 1890 596 1974 doiisoe
619 1919 686 1989 apud
712 1919 858 1973 cedrenum
905 1930 1008 1967 onerem
1036 1898 1181 1981 Gregorom
1205 1920 1233 1965 et
1250 1912 1324 1967 alios.
1358 1912 1489 1967 senatoria

388 1989 512 2057 dignitate
530 1990 653 2043 claruisse
666 1988 787 2041 discimus
806 2003 839 2039 ax
857 1984 1031 2038 Cantacuzeni
1049 1986 1063 2037 1
1083 1982 1129 2036 15:
1147 1976 1219 2045 πρὸς
1235 1978 1340 2049 θύραις
1354 1984 1417 2045 ταῖς
1426 1987 1489 2045 σαῖς

388 2051 555 2127 ἐφεστήκασι
578 2060 635 2114 τάν
657 2058 707 2127 τῆς
722 2050 879 2125 συγκλήτου
902 2048 983 2115 τινές.
1018 2052 1055 2107 illi
1083 2050 1236 2105 domesticam
1265 2058 1293 2105 et
1319 2056 1489 2121 protostrator

389 2132 472 2182 mant.

474 2220 503 2277 p.
518 2201 538 2261 9
552 2217 578 2257 v.
592 2202 622 2263 6.
660 2196 784 2273 Magnus
817 2191 1062 2271 stratopedarcha]
1091 2191 1230 2250 Graecum
1256 2209 1359 2251 nomen
1384 2196 1414 2249 et
1443 2190 1490 2251 bic

388 2288 419 2341 et
440 2282 506 2341 alibi
525 2282 643 2339 libenter
664 2284 791 2357 retineo,
819 2278 886 2355 qnia
904 2279 949 2336 vix
971 2282 1129 2359 suppetunt
1153 2276 1274 2356 Latina,
1295 2294 1369 2353 quae
1390 2276 1489 2337 alum

388 2385 489 2424 vocum
501 2367 557 2423 vim
566 2366 636 2424 satis
650 2367 816 2443 exprimant.

455 2455 489 2513 ‘0
519 2456 604 2529 μέγας
638 2455 896 2529 στρατοπεδάρχης]
937 2457 960 2511 ἰτ
995 2474 1046 2511 non
1079 2456 1145 2511 alins
1174 2474 1249 2527 qnam
1281 2460 1412 2527 tribanus,
1443 2454 1489 2529 qui

388 2528 494 2583 militnm
517 2545 609 2583 ceam
632 2528 738 2594 definit,
763 2528 868 2581 crimina
889 2527 965 2581 etiam
986 2526 1081 2579 leviter
1102 2527 1211 2595 castigat
1235 2526 1394 2599 flagellisque
1416 2524 1490 2581 caedi

387 2600 475 2661 iubet,
497 2605 524 2650 et
539 2599 645 2651 abnorme
662 2596 790 2650 exercitus
806 2598 938 2669 praefecto
961 2596 988 2648 in
1008 2594 1101 2649 milites
1125 2596 1319 2666 sisimadvertit,
1344 2596 1490 2668 vigiliarum

391 2673 419 2720 et
436 2667 598 2749 profectionis
614 2673 738 2724 tesseram
754 2666 807 2721 dat.
842 2667 866 2719 ei
882 2668 956 2719 miles
972 2666 1067 2718 ονίοτεο
1084 2666 1191 2733 aliquod
1207 2668 1362 2733 admiserit,
1379 2666 1417 2721 ait
1435 2668 1490 2719 Ve-

390 2740 477 2805 getnss
492 2737 526 2791 22
542 2736 575 2801 9,
598 2737 755 2791 anctoritate
770 2737 899 2805 praefecti
915 2736 1038 2789 crocitat
1055 2752 1074 2787 α
1090 2736 1193 2788 tribuno
1211 2736 1355 2803 deputatur
1369 2737 1407 2789 od
1422 2754 1490 2806 poe-

285 2812 288 2819 '
391 2823 464 2858 ιτοτο.
499 2822 577 2857 arato
601 2807 728 2870 militum,
753 2814 849 2871 vestes,
873 2806 946 2873 equi,
970 2821 1074 2856 αιιιιοιιο
1096 2806 1133 2856 ud
1156 2822 1246 2860 curam
1268 2807 1324 2858 εἰιιε
1343 2807 1490 2875 pertineat.

392 2875 546 2943 discipliuae
562 2875 604 2929 ius
620 2881 645 2927 et
660 2875 786 2927 seueritas
803 2876 939 2939 ετετοίιιιι,
956 2891 1010 2926 non
1025 2874 1106 2927 solum
1122 2874 1238 2941 pediturn
1254 2875 1299 2927 sed
1316 2876 1396 2929 etium
1414 2876 1491 2943 epui-

391 2952 450 2999 essa
465 2945 683 3013 logimsoriorsas,
698 2950 837 3013 praecepto
854 2946 909 2996 eius
925 2943 1039 3012 qnotidie
1054 2950 1178 2995 curatur:
1195 2944 1250 3011 ipse
1267 2950 1354 2997 autem
1364 2950 1451 2997 custos
1463 2951 1491 2997 et

392 3013 510 3081 diligent
533 3020 559 3066 et
580 3012 681 3068 seboim
707 3014 837 3082 legionem
860 3012 909 3065 eibi
933 3013 1058 3066 creditam
1074 3012 1186 3065 csmduis
1201 3012 1319 3081 operibus
1336 3014 1372 3066 ad
1388 3031 1491 3066 omnem

391 3083 555 3135 άοοολίοοσεκ
569 3088 698 3151 reformat
714 3090 740 3135 et
751 3082 923 3147 iudustriam,
945 3082 1027 3133 scieas
1042 3081 1079 3133 ad
1096 3082 1224 3149 praefecti
1241 3082 1345 3135 laudens
1359 3083 1490 3136 subiecto·

391 3167 453 3202 ruas
468 3152 615 3205 redundare
630 3152 764 3205 virtutem.
799 3146 1043 3218 στρατοπεδάρχην
1067 3166 1129 3201 vero
1153 3148 1281 3203 tribunum
1298 3167 1356 3203 esse
1372 3150 1492 3204 declarat

391 3216 564 3287 Theophanes
578 3220 608 3274 in
623 3220 742 3284 Ioviano,
763 3235 840 3288 quem
859 3220 963 3272 eundem
979 3218 1144 3288 τριβοάνον,
1164 3217 1256 3271 deinde
1280 3214 1492 3287 στρατοπεδάρ-

390 3302 459 3355 χην,
476 3303 535 3339 mox
551 3287 692 3358 χιλίαρχον
713 3290 835 3358 appellat.
869 3287 959 3341 ultima
975 3303 1075 3355 quoque
1093 3304 1158 3339 voce
1175 3287 1223 3339 boc
1240 3288 1350 3341 officium
1368 3288 1425 3341 eius
1442 3306 1493 3341 ex-

389 3353 469 3422 plicat
485 3354 632 3421 Οεδτοοιιες
664 3375 739 3427 quem
755 3356 948 3411 domesticorum
965 3356 1121 3426 praefectam
1141 3355 1320 3421 Marcellinus,
1348 3354 1492 3409 eorundem

390 3421 560 3491 primicerium
576 3425 665 3477 scribit
681 3427 854 3494 Hieronymus
871 3426 897 3479 in
916 3424 1051 3478 Chronico.
1083 3422 1328 3495 στρατοπεδάρχην
1344 3432 1493 3479 castrorum

389 3506 478 3543 caram
494 3492 606 3558 gessisse
622 3512 655 3546 ex
672 3496 772 3547 nomine
790 3495 906 3547 scribunt
921 3492 978 3559 alii,
994 3494 1085 3563 quibua
1102 3493 1243 3557 assentior3
1261 3494 1288 3546 id
1305 3493 1371 3546 enim
1385 3510 1437 3563 quo
1457 3511 1493 3547 ue

389 3559 501 3614 meris
517 3560 655 3629 praestitit.
689 3562 867 3617 anctoritatem
886 3562 980 3615 etalio
997 3562 1030 3615 ad
1048 3569 1124 3631 eaput
1141 3562 1254 3631 quintum
1266 3566 1403 3632 proferam.
1459 3579 1493 3613 n·

389 3628 527 3694 mathiam,-
551 3635 581 3682 ut
606 3630 720 3698 Cyprum
743 3638 918 3702 recuperatam
941 3637 1071 3691 tueretur,
1094 3630 1327 3701 stratopedarcbam
1343 3633 1377 3685 ab
1393 3631 1494 3685 Alexio

391 3705 505 3750 creatum
522 3699 605 3750 refert
620 3701 693 3752 Anna
709 3700 763 3753 filia
782 3702 799 3753 l.
817 3704 848 3754 8:
872 3702 932 3753 δεῖν
950 3696 1019 3767 ἔγνω
1033 3693 1144 3765 Ἀλέξαορ
1158 3695 1193 3753 τά
1209 3696 1280 3753 κατά
1297 3698 1349 3788 τὴν
1366 3697 1495 3767 Κάπρον

389 3760 615 3835 άσφαλίοασδαι,
640 3766 687 3820 καλ
709 3762 759 3821 τὸν
783 3767 939 3837 Φιλοκάλην
958 3763 1109 3837 Εάμάθιον
1125 3764 1178 3837 τὴν
1195 3767 1297 3837 ταύτης
1312 3770 1496 3837 αναδέμενος

389 3830 522 3902 φρουράν
537 3833 781 3906 στρατοπεδάρχην
797 3837 1020 3906 προεχειρίσατο,
1044 3838 1113 3899 ναῦς
1129 3833 1276 3903 πολεμικάς
1292 3833 1422 3899 δεδωκάς
1433 3832 1495 3889 ossi-

388 3904 433 3971 eps'
446 3902 496 3956 sui
510 3900 649 3973 ἱππότας,
675 3899 724 3973 ἐφ’
749 3896 772 3978 ᾦ
796 3902 832 3959 τά
854 3902 926 3959 κατά
950 3902 1003 3975 τὴν
1023 3902 1139 3971 Κάπρον
1163 3902 1212 3958 διά
1229 3924 1258 3959 τε
1276 3903 1424 3975 θαλάσσης
1439 3903 1497 3957 κοιλ

388 3965 509 4038 ἠπείρου
535 3968 747 4040 άσφαλίζεοθαι.
769 3976 895 4045 explicat
911 3976 1056 4044 Logothete
1072 3971 1317 4045 στρατοπεδάρχην
1330 3993 1396 4029 voce
1415 3975 1497 4027 Tur-

388 4040 445 4093 cica
460 4040 509 4093 ἰειιι
526 4043 635 4095 Graecis
652 4044 714 4097 satis
730 4044 846 4097 familiari
863 4040 1050 4111 πελάρπακινι
1081 4040 1252 4097 Leunclavius
1280 4045 1425 4115 Peclarpax
1453 4043 1498 4095 ait

388 4124 446 4161 esse
463 4108 636 4180 Regia-seg,
653 4130 728 4181 quem
744 4114 848 4185 exponit
883 4122 1026 4179 rectorem,
1041 4112 1206 4179 praesidem,
1232 4118 1259 4165 et
1276 4114 1376 4166 tandem
1393 4128 1498 4179 supre-

388 4187 617 4233 monstrorum
632 4182 720 4249 princi
737 4200 794 4245 eme
819 4182 850 4235 ad
870 4184 939 4251 itque
961 4198 1052 4233 vocem
1074 4181 1203 4233 Graecam
1227 4178 1498 4249 στρατοπεδάρχην.

387 4262 506 4328 magnum
519 4250 585 4301 banc
597 4255 679 4303 strato
729 4252 830 4304 archam
847 4258 969 4335 quattuor
984 4248 1121 4303 minoribus
1138 4249 1281 4319 praefuisse
1296 4249 1385 4303 scribit
1394 4249 1501 4303 Meur-

387 4330 456 4370 ssase
474 4324 504 4370 et
518 4335 569 4372 aon
584 4335 691 4388 magnas
704 4337 804 4389 semper
820 4336 864 4389 qai
880 4320 934 4373 aliis
949 4325 1069 4389 praeest,
1084 4318 1131 4371 sed
1148 4317 1192 4389 qni
1208 4317 1295 4373 otfieio
1312 4324 1445 4389 praestet.

471 4440 501 4503 Ρ.
517 4427 538 4491 9
552 4443 579 4487 v.
593 4426 622 4489 7.
657 4422 779 4507 Magnos
791 4424 972 4509 primicerius]
994 4426 1030 4488 de
1045 4422 1205 4511 pdmiceriis
1219 4425 1275 4523 iam
1288 4426 1334 4507 egi
1352 4424 1371 4487 i
1387 4428 1408 4493 1
1422 4442 1450 4486 c.
1468 4428 1505 4491 2.
