3092 4942
482 335 530 406 nt
547 334 697 404 comm
722 335 807 404 GAP.
836 335 913 408 Vll.
1180 335 1257 409 297

162 509 257 568 σιίεεω
281 523 358 585 pono
376 499 463 582 sunit
482 521 530 562 cos
545 505 596 564 istc
610 505 655 564 uir
674 507 701 563 ct
718 503 830 580 liugom
851 501 1030 567 bmntotcn
1050 506 1196 566 donnons
1215 507 1259 564 in·

162 592 340 652 domninum
356 607 439 664 genus
452 591 520 648 nitio
537 609 589 649 non
608 589 884 667 metnensque
902 591 946 650 itti
960 593 1076 671 flectunt
1095 611 1184 666 genua
1200 609 1260 651 cuso

164 678 279 737 odorant
300 679 326 734 ct
346 679 438 749 mont,
461 681 596 733 seruantes
612 693 707 734 noran
725 678 915 751 untipuitotis,
937 696 985 734 nos
1003 695 1064 734 oeso
1080 680 1194 735 minime.

246 758 335 818 Porro
363 758 411 836 qui
435 757 523 816 natali
547 759 686 835 integram
709 760 951 836 quadragesimam
975 761 1210 840 praemittebant,
1241 761 1281 818 ii.

162 844 380 924 auspicabantur
396 861 413 902 a
434 845 474 907 14
493 843 539 900 die
559 843 743 920 Novembris,
765 849 798 902 ut
815 846 962 922 monachi,
989 863 1062 920 qnos
1081 847 1192 904 adhoc
1211 864 1263 924 pe-

162 929 272 988 culiaris
294 927 391 1006 regula
407 926 560 1004 obligabat.
612 929 750 1005 monasti,
770 929 864 1004 inquit
885 930 1055 1008 Balsemon,
1084 934 1132 1009 qui
1153 950 1262 991 mesonc

33 1087 41 1102 ,
157 1013 350 1094 fundationum
367 1014 598 1072 constitutionibus
614 1020 745 1091 cogentur
767 1013 881 1090 amplisu
902 1019 1037 1090 soenes,
1056 1016 1158 1088 scilicet
1178 1037 1197 1075 c
1214 1015 1263 1094 fs·

163 1105 205 1159 sto
222 1102 335 1158 omniurn
352 1105 501 1158 sanctornm
522 1103 548 1156 ct
563 1117 583 1158 c
605 1096 644 1164 14
664 1102 758 1160 menis
776 1098 947 1175 Noossobsis,
973 1101 1017 1159 oet
1036 1103 1118 1158 nociti
1135 1106 1263 1176 cogentur

161 1187 237 1262 sequi
252 1189 355 1243 statuto
372 1201 481 1242 morton
491 1180 696 1260 iimdctionusn,
717 1187 839 1262 qunuoss
855 1184 902 1243 luc
919 1192 957 1242 cst
974 1189 1127 1244 corionicusi
1142 1193 1168 1245 st
1186 1186 1263 1244 solu·

161 1273 220 1328 tusc
224 1288 236 1338 3
256 1267 469 1346 quenadmodum
486 1273 511 1326 ct
525 1267 608 1345 laici,
625 1271 675 1348 qni
688 1289 741 1328 csso
749 1275 840 1346 sponte
852 1274 895 1328 itu
910 1275 1045 1343 insuunt,
1065 1270 1178 1330 tuomet
1189 1289 1262 1347 gro-

162 1356 263 1412 tiorum
281 1357 382 1412 uctc'onc
400 1353 479 1428 digni
494 1353 664 1412 habebuntur.
707 1355 785 1430 quod
796 1353 866 1412 dicit
884 1355 921 1413 de
937 1357 1012 1414 festo
1028 1360 1142 1414 onsunss
1155 1361 1263 1413 cuncto·
1350 1421 1361 1439 .

163 1457 238 1512 som,
257 1438 288 1497 id
310 1439 486 1497 referendum
503 1443 548 1496 est
568 1438 607 1496 ud
622 1438 753 1498 ieiunium
777 1445 846 1498 ante
862 1439 967 1500 festum
979 1440 1102 1500 omnium
1115 1439 1262 1519 apostolo-

162 1541 242 1600 rum,
263 1524 341 1599 quod
366 1523 465 1582 Gracci
485 1521 629 1582 celebrent
649 1523 748 1582 ultimo
761 1525 808 1582 die
819 1524 908 1603 lunii,
928 1526 1006 1585 cuius
1018 1525 1185 1605 principium
1197 1529 1261 1585 erat

161 1609 266 1667 festum
289 1608 411 1666 omnium
434 1612 611 1686 sanctorum,
632 1610 710 1686 quod
735 1607 836 1667 Graeci
860 1610 1001 1670 celebrant
1023 1609 1264 1690 primadominica

163 1698 233 1772 post
245 1698 443 1770 pentecosten:
462 1713 525 1750 cum
538 1699 632 1754 autem
646 1698 811 1773 pentecoste
826 1694 864 1774 sit
879 1697 981 1754 festum
994 1695 1113 1772 mobile,
1134 1715 1263 1754 necessa·

120 1822 131 1846 χ
161 1779 203 1838 rio
221 1779 306 1836 etiam
320 1779 423 1836 festum
439 1782 554 1838 omniurn
566 1785 714 1838 sanctonino
729 1785 774 1838 cst
792 1780 898 1838 festum
908 1779 1010 1840 mobile
1031 1783 1107 1857 apud
1129 1781 1264 1858 Graecos,

162 1880 238 1920 nunc
251 1863 281 1921 in
294 1862 370 1923 Maio
383 1864 498 1922 nuncin
514 1849 594 1922 lunio
609 1883 763 1924 occurrens.
808 1883 864 1938 quo
879 1866 911 1923 sit
925 1874 958 1924 ut
969 1866 1101 1923 ieiunium
1114 1864 1183 1922 illud
1196 1871 1265 1924 ante

163 1947 357 2030 apostolorum
383 1950 488 2007 festum
516 1949 600 2008 etiam
624 1949 701 2030 apud
724 1949 876 2008 monachos
901 1950 1053 2026 aliquando
1079 1950 1191 2009 brevius
1214 1949 1266 2007 ali-

163 2035 278 2109 quando
294 2032 406 2110 longius
427 2034 526 2113 fuerit,
550 2033 677 2111 brevius,
698 2033 723 2090 si
745 2040 909 2112 pentecoste
928 2034 959 2093 in
977 2034 1089 2094 lunium
1111 2035 1267 2113 incidisset,

162 2117 291 2198 longius,
312 2120 379 2177 siin
393 2119 508 2178 Maium.
550 2119 614 2178 vide
627 2119 655 2178 T
656 2118 768 2197 ypicum
782 2119 882 2178 Sabae

250 2204 463 2262 Observandum
478 2209 507 2262 et
521 2202 591 2282 hoc,
612 2205 737 2264 Graecos
748 2204 1040 2264 commemorationem
1056 2201 1180 2263 omnium
1195 2202 1267 2262 tide-

162 2287 231 2346 lium
251 2289 446 2348 defunctorum
471 2307 555 2366 agere
578 2290 647 2348 ferio
670 2290 770 2365 quinta
789 2296 857 2348 ante
877 2295 1081 2369 pentecosten,
1101 2294 1136 2348 ut
1154 2293 1268 2361 constat

165 2391 200 2432 ex
213 2373 285 2432 libro
298 2373 390 2432 rituali
402 2373 570 2454 Nicephori,
593 2375 642 2451 qui
656 2373 898 2434 Pentecostarium
911 2376 1079 2434 inscribitur.

235 2487 301 2542 ibid.
318 2481 482 2558 οἷοόορεων,
497 2488 713 2559 carnisprivium,
735 2487 862 2543 celebrior
879 2504 955 2543 mum
972 2488 1068 2542 babent
1085 2486 1197 2551 Graeci,
1219 2485 1267 2539 clo-

165 2555 256 2610 minins
280 2561 470 2624 senissimae,
495 2565 524 2611 et
549 2554 714 2625 coemendos
740 2558 917 2626 carnivorum,
943 2557 965 2611 si
988 2557 1167 2628 improterre
1181 2556 1268 2620 liceat,

166 2625 234 2678 diem
245 2575 359 2678 solemn?
366 2627 497 2680 Peschstic
512 2628 590 2680 testo.
609 2635 639 2680 ut
660 2642 723 2680 vero
740 2628 821 2678 sacris
838 2626 965 2692 mysteriis
982 2627 1099 2693 corporis
1117 2631 1143 2676 et
1159 2623 1267 2689 εεσςοί-

166 2695 206 2747 nis
223 2695 319 2748 Christi
336 2696 511 2765 participaturi
527 2695 645 2749 ieiunium
659 2701 757 2763 septem
774 2696 817 2746 vel
833 2695 946 2763 quinque
962 2694 1052 2747 saltem
1074 2694 1170 2745 dierum
1187 2709 1267 2761 prue-

166 2763 267 2818 niente
282 2765 341 2832 lege
356 2766 406 2818 ium
424 2765 481 2818 olim
500 2765 583 2835 posite
606 2779 705 2830 usuque
731 2763 875 2818 memoriam
900 2779 998 2816 ornnem
1022 2767 1201 2834 praenoscente
1222 2777 1267 2812 re-

167 2837 242 2902 cepto
260 2839 392 2898 tenentur,
409 2835 446 2886 ita
462 2851 513 2885 nou
530 2849 605 2885 uuum
623 2825 770 2895 α’πόκρεωω
787 2831 828 2883 vel
844 2827 1009 2899 ορεωφοίγον
1026 2831 1092 2882 diem
1108 2846 1155 2896 per
1173 2845 1266 2881 anuum

168 2903 214 2954 sed
229 2908 350 2970 quattuor
366 2919 436 2954 more
452 2901 531 2969 magis
546 2900 640 2954 usitato
658 2905 798 2952 numerent.
817 2900 961 2952 celebretur
978 2899 1018 2951 bic
1036 2897 1156 2950 naiadum
1179 2903 1206 2948 ct
1222 2914 1266 2949 re-

167 2969 333 3024 surrectionis
349 2970 459 3036 Christi,
478 2979 531 3023 tum
548 2967 703 3022 dormitionis
721 2966 841 3038 deiparae
857 2970 942 3032 testo,
965 2966 1008 3019 ille
1025 2967 1128 3036 quocies
1146 2965 1266 3018 ieiunium

164 3043 228 3092 unte
245 3039 531 3103 memoratissimum,
548 3039 581 3092 ob
599 3043 743 3090 secuturam
761 3037 975 3105 communionem,
992 3036 1162 3106 empicautur.
1181 3041 1266 3086 torum

168 3108 267 3160 unionis
288 3107 354 3160 inter
371 3107 561 3160 Constantinum
585 3105 830 3175 Porphyrogenitum
855 3113 881 3159 et
904 3105 959 3158 cius
981 3121 1095 3158 socerum
1124 3103 1266 3156 Romanum

167 3174 234 3230 luris
257 3175 309 3228 GR
332 3176 350 3230 l.
372 3177 406 3229 22
433 3174 492 3244 τρὶς
513 3176 565 3228 τοῦ
588 3169 718 3228 ἐνιαυτοῦ
740 3170 928 3241 attendimus
950 3173 1000 3241 τῆς
1019 3166 1196 3234 ἀπολαύσεως
1211 3171 1268 3224 cois

167 3245 258 3298 θείων
273 3243 448 3332 μυστηρίων,
464 3241 539 3309 ἅπαξ
556 3240 607 3312 μὲν
624 3237 654 3296 ἐν
665 3244 699 3313 τῇ
718 3240 885 3310 sozopoltit
900 3242 953 3294 soei
975 3244 1049 3296 θεοῦ
1072 3239 1120 3294 καὶ
1144 3242 1269 3308 σωτῆρος

165 3308 248 3382 ἡμῶν
264 3311 427 3382 coercuisse,
444 3309 575 3378 δεύτερον
590 3306 622 3368 ἐν
637 3313 673 3382 τῇ
689 3307 813 3379 nocuisses
825 3311 875 3379 τῆς
885 3305 1027 3378 οἱχράσεοο
1043 3309 1268 3375 ὃεωιοίοησθεο-

167 3379 337 3450 ositremont
356 3383 451 3448 τρίτον
467 3378 497 3436 ἕω
513 3383 549 3452 τῇ
564 3383 697 3453 γενεθλίῳ
714 3376 805 3452 ἡμέρᾳ
821 3381 874 3434 coi
889 3381 1024 3448 Χριστοῦ,
1041 3375 1089 3432 διὰ
1103 3374 1137 3432 τὸ
1153 3373 1185 3432 ἐν
1195 3374 1265 3432 cusi-

168 3452 592 3590 ggssgtpgoxoffpggvtpetffit
611 3447 1269 3588 hbbbdpbbffiuibbsmbbbebbnmiudffindbbit

167 3588 640 3712 ttt;·³tttt¹¹‘;t⁸t„tttlt¹¹
652 3587 1267 3725 ttdbfflttttttttdtt‘ttttt

169 3727 358 3798 apostolorum,
379 3727 411 3779 de
435 3744 486 3796 quo
508 3728 647 3781 Gretseros
673 3725 728 3788 hic,
754 3726 871 3795 quodque
893 3727 974 3780 ιοίοοε
997 3728 1158 3794 frequentate
1176 3740 1208 3778 eo
1225 3723 1267 3776 die

170 3796 342 3850 commuuione
358 3810 445 3866 parum
471 3797 637 3859 observetur,
659 3794 815 3851 includimus.
842 3794 1073 3862 transfigurationis
1094 3810 1170 3863 porro
1196 3789 1267 3861 quod

169 3873 291 3918 memorat
306 3864 440 3918 Belsemon
457 3864 523 3934 apud
540 3866 692 3918 Gretserum
717 3864 767 3916 iam
785 3863 941 3932 antiquetuu
959 3869 1013 3924 est,
1037 3861 1081 3918 vel
1095 3869 1168 3914 certe
1191 3861 1266 3930 quiu-

169 3933 318 4057 pleppptnnte
334 3934 453 4004 deiparae
469 3933 642 3987 dormitionem
660 3933 743 3988 cernis
761 3931 914 3986 comestione
930 3931 1022 3987 debu
1036 3931 1135 3985 erbeus
1151 3947 1267 4000 comprs-

187 4021 202 4056 c
236 4021 245 4056 ι
258 4021 295 4057 ur.

254 4096 282 4155 p.
295 4078 339 4142 60
351 4094 377 4135 v.
392 4077 422 4136 7:
450 4075 487 4132 ad
503 4074 764 4146 circumstationem]
789 4073 868 4131 cuius
889 4074 1038 4152 imaginun
1049 4073 1113 4132 vide
1128 4071 1270 4152 depictum

168 4178 189 4220 a
201 4161 328 4239 corippo
341 4165 427 4240 potia
440 4157 572 4218 Africano
587 4159 623 4216 de
633 4158 761 4216 laudibus
772 4158 873 4218 lustini
889 4163 908 4222 8
931 4158 990 4222 168
1000 4162 1123 4224 -169.

255 4246 399 4324 Integrum
413 4245 564 4306 idiomelon
577 4249 671 4305 exstat
682 4244 712 4304 iu
726 4244 847 4306 nemen
862 4245 904 4311 26
917 4242 1096 4324 Decembris,
1117 4247 1150 4301 et
1163 4239 1270 4301 adseri-

170 4331 247 4392 bitur
259 4331 357 4396 lemni
369 4332 515 4398 monacho.
