3092 4942
517 345 564 416 IN
576 345 726 417 GODlNI
739 347 930 420 cmvm.
1193 351 1268 424 308

80 545 85 560 ·
166 515 230 591 sao,
249 513 451 576 Cantantinroa
463 531 525 574 vero
537 531 596 574 aon
613 514 669 592 iano
681 517 839 593 imperaret,
859 518 970 595 ipsaque
982 519 1063 578 stiam
1082 515 1212 596 Eugosia
1230 517 1270 580 ad

166 603 306 678 Augustae
322 601 440 664 insen
458 607 555 659 ereata.
597 598 659 658 dina
675 603 726 659 isto
748 600 820 658 solas
836 607 896 660 erat
916 602 1171 682 porphyrogenitus,
1191 623 1268 687 perr

167 690 259 748 statim
273 689 353 748 otiam
366 691 429 746 ants
440 685 507 746 dus
519 687 697 766 imperatoriis
711 687 863 762 insignibus
875 693 1023 748 exornavit.

602 943 808 961 m

489 1201 810 1282 CAPUT
868 1205 936 1282 111.

252 1457 279 1515 p.
296 1431 336 1500 64
351 1455 377 1494 v.
395 1435 441 1498 19.
464 1383 600 1498 Festum
613 1437 796 1518 epiphaniae,
816 1437 871 1497 hoc
891 1442 936 1498 est
956 1436 1145 1518 apparitionis,
1167 1433 1269 1494 dia'tur

167 1521 302 1598 Singulass'
320 1523 436 1582 numito
452 1526 474 1607 ἡ
488 1521 666 1604 ἐπιφάνεια,
690 1528 791 1607 plurali
811 1547 927 1587 numero
948 1534 979 1586 et
1000 1545 1102 1604 genere
1114 1533 1215 1583 neutro
1229 1519 1267 1584 soi

167 1603 345 1684 inopiosas,
365 1607 433 1682 quin
454 1617 484 1670 et
500 1607 537 1673 roi
555 1610 711 1690 inrrpoioro.
755 1614 908 1688 aliquando
926 1611 964 1675 soi
986 1607 1170 1688 bessarione,
1198 1610 1267 1684 quia

167 1694 238 1750 deus
254 1692 394 1771 apparuit.
436 1697 567 1754 tribuitur
579 1696 634 1756 hoc
647 1717 750 1756 nomen
768 1699 834 1756 huie
852 1700 926 1757 festo
947 1695 979 1776 1)
1000 1697 1067 1773 quia
1088 1696 1217 1755 dominus
1230 1713 1267 1753 eo

166 1777 214 1836 die
228 1777 321 1856 Magis
335 1795 367 1834 se
380 1782 583 1857 manifestavit,
600 1780 636 1862 2)
651 1784 717 1858 quia
737 1784 870 1862 apparuit
891 1783 1064 1859 homiuibus,
1085 1782 1200 1857 quando
1215 1780 1267 1838 ba·

166 1862 301 1942 ptismum
320 1881 353 1920 eo
375 1863 421 1922 die
441 1867 470 1924 in
491 1865 613 1926 Iordane
626 1887 644 1925 a
656 1867 762 1925 Ioanne
776 1870 917 1948 suscepit,
936 1864 971 1945 3)
985 1870 1062 1942 quod
1074 1886 1108 1924 eo
1125 1866 1172 1924 die
1184 1865 1268 1922 Chri-
1376 1907 1384 1919 .

166 1952 229 2006 stus
255 1952 366 2006 mutata
396 1967 472 2026 aqua
498 1952 526 2008 in
554 1951 649 2011 vinus
668 1952 826 2010 hominibus
845 1972 876 2011 se
902 1951 1091 2010 manifestavit
1110 1950 1139 2008 in
1160 1949 1268 2028 nuptiis

167 2033 266 2090 Canae
286 2031 436 2094 Galilaeae.
477 2035 584 2094 Latina
603 2037 718 2095 ecclesia
739 2057 836 2096 omnes
856 2038 908 2096 has
924 2056 1024 2094 causas
1039 2035 1122 2093 huius
1146 2034 1202 2092 diei
1222 2051 1268 2090 se·

167 2118 281 2194 quitur,
301 2124 335 2176 ut
352 2124 434 2196 patet
457 2138 492 2179 ex
512 2121 655 2180 Breviorio
674 2120 815 2182 Romano.
857 2121 959 2180 Graeci
980 2123 1084 2180 festum
1104 2119 1158 2178 hoe
1173 2116 1270 2176 colunt

166 2203 313 2282 potissime
339 2203 376 2260 ob
400 2207 553 2265 secundam
578 2227 706 2265 oausam:
740 2227 806 2266 nam
826 2207 1030 2286 apparitionem
1051 2204 1146 2282 Magis
1165 2204 1270 2262 factam

167 2287 310 2346 eelebrent
334 2287 398 2365 ipso
421 2289 523 2348 natalis
550 2291 656 2351 Christi
676 2292 768 2370 festo,
803 2294 844 2355 25
862 2291 1042 2367 Decembris,
1071 2295 1104 2348 ut
1127 2295 1209 2369 patet
1234 2302 1270 2346 ex

167 2371 303 2432 Menaeis.
346 2373 376 2431 S.
401 2373 621 2450 chrysostomus
641 2376 735 2436 homil.
760 2379 798 2435 de
818 2375 967 2456 Baptismo
989 2376 1111 2434 Christi:
1140 2393 1218 2453 paam
1239 2372 1271 2430 ob

167 2475 277 2517 cattam
294 2456 358 2515 laec
376 2457 556 2538 (solennitas)
575 2459 752 2538 ἐπιφάνεια,
779 2461 834 2520 hoc
850 2468 895 2520 est
908 2462 1069 2541 apparitio,
1097 2456 1270 2539 appellaturi

167 2545 234 2622 qaia
252 2544 376 2600 nimirum
391 2563 446 2602 non
462 2547 580 2604 omnibus
593 2546 798 2625 manifestarent
812 2547 950 2621 redditus,
971 2566 1030 2604 cans
1046 2553 1131 2623 partu
1148 2550 1187 2602 est
1207 2543 1268 2601 edi·

166 2634 227 2702 tar,
247 2627 292 2686 red
311 2647 371 2685 oum
390 2634 428 2686 est
449 2630 617 2708 baptisatus.-
637 2651 699 2690 nans
713 2632 751 2689 ad
766 2631 836 2690 luno
852 2652 934 2710 uspae
947 2632 1015 2690 Meos
1027 2631 1177 2705 valgoerat
1189 2632 1267 2703 igno·

166 2717 221 2772 tas.
263 2730 324 2770 nam
346 2715 512 2789 incognitum
528 2735 585 2774 earn
594 2716 683 2794 fuisse
705 2716 802 2791 vulga,
830 2735 913 2795 nepae
938 2720 1059 2793 puisnaon
1078 2718 1143 2772 esset
1165 2713 1267 2791 pleros-

168 2815 219 2875 quo
234 2800 357 2871 scivisse,
379 2804 482 2857 constat
495 2819 528 2858 err
545 2804 604 2858 istis
623 2801 731 2859 imanis
749 2801 882 2877 baptistae
898 2802 985 2860 ontis
1004 2797 1083 2856 Ioau.
1102 2803 1136 2861 1:
1163 2797 1266 2855 aredius

167 2886 385 2954 bairandam,
404 2901 478 2960 quem
496 2875 688 2944 oosnesoitis.''
731 2885 797 2961 quid
813 2903 874 2942 vero
894 2888 1007 2955 sairam,
1028 2887 1054 2940 si
1066 2883 1118 2942 atii
1130 2901 1182 2939 non
1202 2900 1265 2938 nos·

167 2971 242 3039 sont,
263 2965 367 3045 wando
386 2967 462 3028 illurn
483 2971 564 3026 etiam
584 2975 639 3046 r‘pso
660 2969 778 3046 baptista
799 2968 839 3026 ad
859 2987 916 3027 earn
931 2964 1265 3045 mpoiinnigssraiatt

164 3047 214 3108 “et
229 3069 284 3128 ego
302 3052 460 3110 nesciebam
476 3045 564 3128 eum”,
582 3057 678 3131 inussit.
720 3051 840 3111 Latinos
853 3052 891 3109 ob
906 3053 1159 3111 manifestationem
1172 3050 1267 3130 Magis

167 3137 273 3194 factam
297 3136 351 3194 hoc
373 3136 476 3194 festum
498 3138 576 3196 obire
599 3142 679 3215 patet
702 3157 736 3196 ex
760 3136 879 3216 homiliis
901 3157 940 3199 ss.
958 3143 1088 3216 patrum,
1116 3135 1146 3194 S.
1166 3133 1267 3212 Augu-

166 3221 250 3297 stini,
271 3221 301 3279 S.
314 3219 435 3299 Leonis,
457 3224 486 3280 S.
501 3221 615 3281 Maximi
631 3229 660 3282 et
678 3221 803 3282 aliorum.
844 3228 927 3302 patet
944 3222 1019 3280 idem
1040 3241 1075 3282 ex
1099 3221 1267 3280 Germanica

167 3305 356 3385 appellatione
370 3306 452 3364 huius
466 3308 546 3384 festi,
568 3325 641 3382 quae
655 3314 699 3366 est
720 3308 805 3367 trium
825 3327 940 3386 regum,
961 3308 1008 3366 der
1021 3306 1134 3383 heiligen
1147 3306 1206 3364 drei
1218 3305 1267 3362 1ιό-

166 3394 216 3467 ns'g
229 3398 288 3466 tog.
332 3396 362 3449 et
376 3390 477 3468 legitur
492 3393 667 3469 evangelium
688 3394 718 3452 S.
740 3391 880 3451 Matthaei
901 3396 939 3453 de
962 3395 1086 3451 adventu
1107 3389 1267 3467 Magorum.

166 3493 220 3534 nec
239 3475 320 3533 aliter
338 3475 469 3536 haeretiei
491 3484 551 3536 tam
575 3479 605 3537 in
626 3479 791 3554 quotidiano
803 3496 931 3538 sermone
950 3497 1037 3554 quarn
1056 3477 1087 3536 iu
1100 3475 1267 3536 calendariis

166 3561 225 3618 suis
239 3559 293 3619 hoe
305 3561 409 3620 festum
421 3564 587 3640 nominant,
608 3581 693 3638 quam
718 3563 764 3622 der
785 3563 900 3640 heiligen
920 3564 980 3624 drri
996 3563 1078 3638 linig
1099 3567 1158 3638 tog.
1200 3561 1268 3619 inde

167 3647 253 3704 etiam
271 3645 360 3719 liquet
381 3665 512 3707 numerus
527 3647 694 3726 Magorum,
714 3648 758 3708 dio
779 3648 878 3724 les’lr'ge
896 3649 954 3709 drei
971 3648 1071 3724 linos:
1090 3666 1149 3706 nou
1165 3647 1267 3705 dieitur

168 3730 322 3806 asiologo
337 3733 394 3789 aior
407 3732 505 3810 linz'g,
524 3733 567 3792 die
583 3734 680 3809 beilega
694 3752 782 3792 sumn
792 3733 883 3810 linig.

250 3831 365 3891 Morose
385 3833 537 3892 admodum
557 3837 593 3894 de
612 3833 727 3910 regibus
747 3835 859 3892 disserit
874 3833 1061 3893 casaubonus
1076 3833 1106 3890 in
1118 3832 1139 3893 2
1152 3829 1266 3891 Euarei-

167 3921 221 3976 aa
243 3924 342 3977 muira
362 3917 531 3998 Baronium,
549 3925 579 3978 et
592 3922 706 3980 tandem
720 3939 755 3978 eo
768 3919 846 3977 venit
860 3925 893 3977 ut
907 3917 1020 3996 regulos
1036 3919 1123 3976 fuisse
1135 3936 1195 3976 non
1211 3916 1267 3975 dif-

166 4001 294 4081 fiteatur,
316 4003 452 4061 dummodo
463 4009 504 4062 ita
514 4009 609 4064 sentiro
623 4006 667 4064 aet
681 4023 733 4063 non
745 4009 842 4062 sonare
858 4008 999 4081 uniasipue
1016 4008 1052 4062 sit
1068 4004 1195 4075 liberasso,
1215 4019 1266 4058 ne·

167 4105 220 4167 pue
235 4087 441 4165 artisalrosfidoi
455 4089 516 4148 inde
533 4091 657 4150 mdaiur.
702 4088 764 4164 quis
791 4107 843 4167 pro
867 4089 984 4148 articulo
1001 4089 1068 4148 fidei
1087 4088 1141 4147 hoe
1154 4078 1265 4144 habeti

166 4172 320 4231 eommunis
343 4178 373 4232 et
395 4179 439 4234 est
459 4179 490 4234 et
505 4177 559 4234 fuit
579 4175 724 4255 persuasio
740 4173 881 4247 fidelium3
908 4192 1005 4251 aqua
1018 4178 1137 4254 propter
1154 4169 1264 4230 ratiun—

165 4257 244 4317 oulas
264 4257 308 4316 vel
329 4258 424 4336 potius
440 4259 575 4323 stultitias
596 4258 791 4321 Calviuisticas
816 4260 961 4321 discedere
980 4279 1081 4343 param
1103 4253 1262 4318 consultum

167 4347 219 4404 sat
239 4344 390 4426 expediens
408 4349 461 4406 est
