3092 4942
254 313 330 388 382
417 308 625 382 naussum
640 307 695 376 ET
712 303 845 376 Gonu!
861 299 1194 373 consummamus

251 480 306 541 tuit
318 475 493 558 Nicephorus
506 473 658 552 Callistus,
679 475 712 532 ut
726 475 839 532 corretat
854 468 927 530 erl
945 468 984 534 15
999 466 1132 528 historioe
1144 466 1349 529 ecdoehstieoe

250 585 276 625 c.
290 563 331 628 25
349 569 379 623 et
394 568 450 636 263
474 561 523 637 qui
536 561 573 619 de
584 557 722 618 miraculis
736 557 773 616 ad
788 558 894 616 fontem
914 554 998 613 editis
1009 555 1151 632 integrum
1163 573 1196 614 se
1209 573 1348 614 commen·

250 649 352 710 tarium
370 647 514 728 scripsisse
535 645 610 704 dicit
628 648 724 702 exstat
741 641 867 700 Vrennae
888 640 919 698 in
940 639 1081 700 Caesarea
1102 639 1272 700 bibliotheca
1290 640 1347 698 sor-

251 734 335 793 tussis
355 733 465 791 unicum
490 731 578 790 totius
604 727 735 807 Europae
761 725 916 803 exemplam
943 723 989 784 oui
1011 725 1066 783 uisi
1088 725 1145 783 cito
1171 731 1349 784 succurrebat

250 816 322 899 (vidi
338 819 411 876 enim
424 822 454 875 et
465 815 587 895 perclusi
597 813 712 873 silatum
725 808 904 872 Monacbium
918 815 949 868 et
968 809 1024 868 buc
1042 808 1276 890 ingolstadium),
1297 827 1348 890 pa·

250 903 328 962 uitus
347 921 365 960 u
382 901 479 960 blattis
503 900 642 975 lineisque
661 897 841 969 corrodetur3
872 900 902 953 et
920 895 977 952 iam
996 911 1072 953 nunc
1088 893 1196 972 aliquot
1219 894 1288 953 locis
1312 893 1348 952 ab

251 988 333 1062 equis
347 987 466 1065 pessime
478 989 623 1068 aoceptum
635 988 698 1064 est,
718 983 759 1044 its
780 987 812 1042 ut
829 975 918 1043 muts
931 979 987 1060 legi
1006 985 1164 1059 nequeant,
1184 980 1349 1061 praesertim

251 1071 306 1132 sub
325 1071 416 1132 baem.

244 1206 252 1232 s
339 1168 386 1230 Ad
409 1167 463 1230 lroc
483 1167 618 1250 templum
649 1167 762 1228 divertit
790 1183 903 1246 quoque
932 1166 1043 1228 Helena
1069 1165 1260 1226 Oautacuaeni
1282 1163 1349 1243 filia,

253 1261 378 1336 nuptura
400 1255 498 1316 Ioanni
516 1255 694 1334 Palaeologo.
713 1272 772 1312 rem
797 1260 894 1313 narrat
906 1254 968 1334 ipse
987 1249 1237 1314 Cautacuuenus4
1257 1253 1284 1312 1.

325 1368 390 1422 ibid.
425 1367 496 1422 urbis
513 1367 557 1421 ΟΡ
580 1368 642 1420 situs
664 1367 828 1436 triangularis
845 1373 900 1434 ests
922 1367 1026 1450 eiusque
1046 1353 1130 1420 latera
1151 1364 1201 1420 duo
1222 1365 1350 1419 alluunbsr

257 1437 337 1502 man,
367 1436 470 1489 tertium
499 1436 637 1489 continenti
664 1437 819 1489 obtenditur.
853 1436 885 1489 ad
906 1452 962 1488 eum
982 1444 1068 1505 utaque
1095 1436 1232 1489 adveniens
1259 1433 1350 1486 itinera

257 1506 378 1561 terrestri
388 1503 533 1576 imperatrix
544 1505 578 1558 ed
590 1507 683 1573 Pegem
700 1505 832 1557 ecclesiam
849 1503 1038 1558 celeberrimam
1057 1509 1083 1558 et
1099 1505 1195 1573 τοιίαα
1213 1502 1286 1556 simul
1296 1511 1350 1572 sps-

253 1575 360 1640 latium,
381 1590 433 1644 qus
452 1573 619 1626 coutinentem
640 1573 746 1644 respicit
763 1574 840 1639 urbs,
860 1572 959 1626 desilits
980 1573 1020 1625 sin
1043 1572 1108 1626 marl
1126 1573 1258 1642 appellet,
1281 1571 1350 1625 circa

256 1641 415 1698 Blachernas
431 1641 486 1694 loco
503 1647 591 1711 pertus
609 1641 828 1706 commodissimo,
842 1641 887 1694 ubi
905 1640 973 1694 aliud
992 1642 1176 1696 Blacbernense
1190 1641 1285 1694 dictum
1302 1657 1352 1710 pa-

257 1711 363 1778 latium,
385 1714 478 1762 terram
497 1709 599 1762 salutat.
623 1709 746 1764 ecclesiae
769 1727 848 1779 porro
870 1709 967 1778 Πηγῆς
987 1727 1078 1764 nomeu
1102 1716 1148 1764 est·
1164 1725 1182 1762 a
1201 1713 1277 1778 fonte
1300 1725 1351 1762 non

257 1780 338 1834 minus
356 1777 474 1831 continuo
492 1777 664 1830 miraculorum
701 1777 809 1831 rollusio
829 1795 905 1847 quam
921 1779 1075 1847 perennibus
1095 1778 1168 1848 aquis
1187 1779 1350 1833 exuberante.

257 1848 291 1903 sd
304 1847 430 1902 salutares
441 1845 496 1899 eius
508 1862 588 1916 aquas
604 1845 653 1898 sia
722 1847 811 1911 riano,
833 1847 876 1917 qul
890 1847 1048 1915 postmodum
1065 1846 1205 1900 Romanum
1221 1845 1351 1930 imperium

256 1915 381 1980 obtinuit,
402 1915 561 1982 deterretur,
583 1915 667 1968 lumen
688 1915 816 1968 oculorum
841 1922 1051 1984 recuperaturum
1070 1932 1162 1969 caecsu
1180 1932 1227 1985 per
1242 1913 1352 1969 devinam

256 1983 381 2040 visionem
404 1988 445 2038 est
467 1983 582 2040 monitus.
612 1984 669 2036 tulit
689 1981 729 2048 ele
750 1978 804 2052 τὴν
819 1979 921 2052 Hostis
947 1985 1093 2038 Marcianus
1116 1999 1235 2046 caenum,
1260 1999 1352 2036 caecus

255 2054 339 2106 visum
352 2070 385 2107 ex
403 2051 475 2122 equis
491 2051 601 2106 rettulit.
623 2052 696 2116 iude,
716 2052 752 2104 ait
767 2053 903 2105 blenaeum
915 2052 1089 2116 Graecorum,
1109 2052 1285 2106 miraculorum
1303 2052 1353 2119 sris

248 2116 354 2191 Ἡηγῆς
374 2122 446 2188 origo
459 2126 486 2174 et
497 2120 685 2175 celeberrimum
696 2121 753 2174 loco
768 2137 859 2174 nomen
875 2123 985 2174 tectum:
1007 2113 1040 2174 ὃν
1056 2121 1097 2192 spi
1110 2117 1215 2190 τεμένει
1232 2116 1251 2188 ἦ
1269 2119 1350 2189 Πηγή

256 2181 330 2244 iosus
349 2181 490 2255 debrietas
509 2186 649 2258 ἰαμάτων,
672 2190 699 2241 in
718 2190 815 2259 templo
832 2189 887 2259 ipso
904 2207 954 2242 non
973 2189 1037 2244 adeo
1055 2191 1113 2245 tous
1126 2207 1201 2260 quem
1216 2189 1352 2243 miraculo-

257 2274 314 2312 rum
338 2259 447 2313 ubertim
467 2257 652 2312 decurrentium
670 2258 739 2312 lelex
763 2257 883 2325 emergit,
906 2258 943 2310 ait
960 2257 1163 2312 cmtaousenua
1177 2257 1353 2312 xlastinianus

261 2325 327 2382 fonti
344 2332 394 2378 tem
414 2326 462 2377 lum
482 2327 664 2396 superstruxit:
691 2321 744 2394 τὴν
763 2322 902 2381 &sordeas
927 2321 1028 2397 Πηγὴκ
1045 2322 1239 2388 Ἰοαατινιανὸς
1255 2323 1352 2392 ἔκτισε,

256 2394 370 2447 scribunt
411 2393 506 2460 riginos
524 2394 578 2446 GP.
602 2398 688 2448 exstet
703 2395 787 2446 adhue
799 2395 883 2460 locus,
900 2395 1051 2449 christianis
1066 2397 1210 2465 Turoisque
1226 2411 1351 2449 veneran-

255 2463 319 2526 dus,
342 2461 461 2529 qnodque
472 2465 588 2530 superest
597 2462 718 2530 templum
728 2462 798 2514 nulla
808 2462 880 2515 ruina
891 2463 1035 2530 foedatum,
1058 2465 1210 2534 antiquitate
1227 2481 1279 2517 noa
1296 2480 1351 2516 mo·

256 2531 316 2584 dice
328 2529 512 2597 venerandum,
523 2531 557 2582 ob
575 2529 684 2600 pretium
695 2547 768 2584 omne
779 2536 928 2601 superantes
937 2548 1030 2602 equas,
1048 2549 1064 2588 a
1080 2533 1156 2605 plebe
1170 2532 1353 2604 Χοοσοπηγῆς

257 2597 577 2670 accepitappellationem.

343 2705 373 2766 p.
387 2689 445 2752 107
463 2704 491 2746 v.
504 2684 551 2752 14.
579 2685 616 2746 de
634 2685 740 2767 templo
752 2685 969 2750 Blachernarum
987 2710 1041 2751 suo
1062 2691 1125 2752 loco
1145 2692 1271 2753 diximus
1292 2695 1352 2750 erat

257 2777 290 2834 et
311 2771 404 2852 ipsum
427 2777 506 2830 extre
529 2771 626 2831 urbem
644 2773 682 2832 ad
701 2774 782 2832 littus
803 2776 905 2852 maris,
926 2777 962 2836 de
984 2795 1042 2854 qu⁰
1063 2777 1152 2837 multe
1178 2777 1353 2856 Nicephorus

179 2875 196 2895 r
257 2855 322 2918 loeo
345 2857 439 2916 citato.
459 2855 595 2936 principio
621 2858 727 2936 templa
751 2858 926 2918 solummodo
947 2869 1044 2934 erant3
1069 2881 1198 2922 successu
1221 2862 1354 2942 temporis

259 2949 437 3002 accesserunt
456 2941 680 3020 splendidissima
700 2942 814 3025 palatia
838 2947 980 3021 quomodo
1003 2953 1119 3026 excepta
1139 2946 1222 3007 suerit
1237 2946 1277 3006 ¹ab
1294 2946 1354 3006 Au-

262 3027 378 3088 dronico
394 3027 501 3087 iuniore
514 3045 621 3107 sponso
634 3026 719 3091 Arme
738 3030 887 3108 sabauda,
905 3029 985 3108 leges
1004 3034 1082 3111 apud
1103 3033 1256 3092 Cantacus.
1271 3036 1288 3096 1
1304 3031 1354 3094 42

329 3157 361 3262 p·
374 3141 424 3197 108
435 3157 462 3222 y.
476 3139 501 3193 1.
522 3134 655 3224 spol-cde
671 3133 836 3213 ἀκρόπολιν]
858 3143 983 3228 αάοαὼία
997 3161 1054 3230 eum
1069 3146 1195 3230 angulum·
1206 3145 1252 3230 qui
1269 3144 1355 3211 Cbry·

263 3225 329 3279 sepo
339 3226 372 3262 sm
384 3208 503 3279 oppdum
516 3209 654 3263 museum
666 3227 697 3264 es
714 3211 821 3266 adverso
837 3221 956 3284 resprcn,
971 3215 1015 3269 ubr
1028 3215 1104 3270 bodse
1113 3231 1237 3286 pnucsprs
1251 3213 1356 3268 Turon-

263 3293 321 3336 sum
338 3276 421 3346 reeb.
444 3276 534 3346 vulgus
553 3271 651 3347 κέρας,
671 3297 751 3335 sorau
770 3286 857 3337 voest.

308 3379 414 3463 ‚3⁵2'·
436 3379 462 3436 5.
487 3371 705 3465 ἅρχοκτιαοτοῖκ]
732 3377 1189 3467 legendnmomuinoo’toaeomcsoisr
1203 3379 1356 3471 ,depensu-

262 3449 1077 3591 ttttttt‘tttttl‘tttt‘tttt‘ttlttttt?
1087 3461 1358 3590 ttttttfttt

261 3601 322 3650 sss,
345 3583 445 3668 κυρία.
473 3583 548 3666 inter·
564 3585 720 3670 praecipuas
751 3587 891 3642 huiusmodi
917 3540 1095 3659 deposuisses
1123 3592 1257 3645 cedrenus
1278 3591 1358 3645 babet

262 3652 384 3721 ζωατας,
402 3668 466 3722 quse
480 3657 644 3724 patnnorum
664 3655 765 3724 ungulo
782 3663 809 3710 et
824 3659 926 3713 honoris
944 3659 1036 3728 insigni
1052 3666 1194 3714 uterentur.

331 3752 396 3808 ibid.
430 3749 583 3810 dssodosiess
600 3749 690 3826 αὐτὴν
708 3751 744 3810 sd
762 3751 882 3830 ἐρυθροὶ]
906 3777 958 3814 non
976 3760 1057 3814 minus
1076 3760 1155 3832 capiti
1174 3775 1268 3815 carena
1282 3775 1356 3829 quem

260 3819 341 3878 rubra
366 3822 539 3877 calceamenta
562 3825 665 3879 luerunt
688 3825 795 3897 pedibus
817 3828 850 3881 im
913 3835 997 3882 torum
1014 3829 1061 3881 in·
1097 3830 1132 3885 ia.
1163 3830 1202 3883 Lo
1237 3830 1306 3882 tbota
1325 3828 1357 3879 de

259 3891 503 3976 Ioanneabdipants
520 3909 549 3945 se
566 3893 686 3964 imperior
708 3894 756 3950 sul
773 3891 811 3951 sol
863 3916 881 3951 s
899 3891 1008 3966 tortori
1025 3915 1047 3950 ss
1080 3902 1125 3952 ιλα
1139 3893 1193 3952 οἶκε
1212 3895 1294 3951 attero
1309 3893 1358 3949 sul

261 3954 316 4046 pris
337 3976 545 4044 κερκμοιρχαοοκ
555 3961 714 4034 πυραμίδα,
733 3961 774 4028 εἰς
791 3960 829 4034 ἣν
844 3963 896 4020 καὶ
912 3962 1204 4036 morimundenses
1220 3962 1357 4029 κόκκινος,

260 4045 281 4082 α
300 4027 427 4100 decuisset
439 4029 572 4100 conpote.
591 4048 607 4085 e
625 4031 728 4100 regibus
746 4035 828 4088 Albae
844 4040 897 4088 trsm
916 4034 949 4088 ad
968 4052 998 4088 se
1015 4033 1134 4099 deduxit,
1152 4045 1204 4089 tum
1221 4035 1256 4087 ad
1271 4041 1358 4104 poste-

262 4111 307 4150 ros
317 4098 482 4168 imperatores
497 4097 625 4154 &nanos
644 4101 785 4156 ostreorum
802 4104 870 4158 bunc
886 4105 996 4158 colorem
1010 4104 1151 4159 trsnmbit
1160 4103 1238 4158 lulius
1251 4102 1357 4157 Caesar.

264 4163 316 4219 Dio
332 4165 350 4222 l.
365 4167 413 4221 43:
434 4167 470 4238 τῇ
486 4161 618 4222 ὑποδέσει
633 4169 669 4239 τῇ
686 4166 783 4242 ὑψηλῇ
798 4170 846 4225 καλ
863 4165 1042 4310 ioobooppdp
1060 4167 1133 4226 ansol
1151 4167 1217 4235 soris
1232 4167 1358 4241 βασιλέας

267 4227 334 4296 sede
348 4230 380 4287 ds
390 4229 470 4308 Ἀλβῃ
486 4229 753 4320 ueslyssoplsove,
771 4234 810 4302 ὥς
822 4239 871 4294 καὶ
888 4255 960 4311 προσ
996 4252 1038 4295 oss
1057 4238 1134 4310 αφιαλ
1151 4233 1271 4294 otei-ebs
1284 4233 1359 4292 'loo-

268 4298 460 4380 Wshtll‘b
491 4305 1359 4385 immundanumtuepnrpuresrosst,qmeaeosise
1453 4353 1456 4357 .
