3092 4942
298 312 374 392 aet
400 312 607 388 GRETSERJ
622 313 677 382 nn
692 313 828 383 Gonu
841 284 1063 382 comunt.
1077 314 1122 382 ru
1136 315 1344 386 connum.

601 653 1096 735 CAPUTXVII.

379 839 574 967 Nicephorus
603 887 744 966 Gregoras
771 905 824 946 sua
850 887 881 945 in
910 886 1028 947 historia
1054 905 1155 968 purum
1186 891 1274 950 amico
1304 892 1397 949 auium
1526 884 1527 899 ³

295 985 350 1046 fuit
371 983 401 1044 in
421 981 612 1044 Andronicum
641 984 778 1044 iuniorem
804 987 1000 1064 imperatorem
1028 990 1058 1044 et
1085 986 1116 1044 iu
1134 984 1398 1055 IoannemCanta-

295 1089 430 1130 cuzenum
450 1089 584 1148 magnum
605 1071 805 1144 domesticum
825 1072 862 1129 de
887 1089 946 1146 qua
966 1071 1111 1150 Gregoroe
1135 1071 1284 1147 iniquitate
1304 1077 1399 1131 exstat

293 1157 407 1236 publica
419 1157 591 1233 querimonia
601 1155 791 1216 Cuntacuzeni
811 1155 830 1214 Ι.
851 1153 873 1218 4
892 1175 917 1216 o
937 1154 980 1220 24
1000 1163 1031 1216 et
1049 1155 1099 1219 26.
1127 1175 1181 1215 nec
1198 1157 1315 1233 mirum,
1331 1157 1402 1234 quia
1526 1188 1527 1197 κ

292 1241 466 1319 sequebatur
489 1247 586 1320 partes
616 1239 769 1314 Andronici
796 1241 929 1320 senioris,
957 1241 1001 1299 cui
1027 1242 1234 1301 addictissimus
1260 1247 1322 1300 erat
1350 1247 1399 1298 ut-

292 1332 362 1406 pote
383 1326 508 1405 plurimis
529 1327 668 1386 beneficiis
690 1327 726 1388 ab
744 1326 794 1386 illo
813 1327 930 1386 affectos
947 1333 978 1386 et
997 1327 1106 1406 magnis
1128 1327 1280 1388 honoribus
1301 1345 1402 1386 cumu-
1526 1392 1527 1395 Ἴ

294 1411 378 1472 latus
400 1413 530 1488 quocirca
550 1412 686 1472 calamum
706 1414 849 1472 continere
868 1432 927 1479 non
937 1413 1046 1491 potuit,
1067 1413 1230 1488 quominus
1245 1411 1400 1487 aliquando
1526 1420 1527 1453 r

294 1495 487 1557 Andronicum
516 1498 651 1556 iuniorem
680 1503 711 1556 et
738 1498 969 1557 Cantucuzenum
999 1499 1166 1558 mordaciter
1196 1499 1400 1577 perstringeret
1526 1488 1527 1539 Ῠ

294 1587 324 1640 et
344 1581 495 1642 calumnias
512 1583 542 1640 in
562 1582 675 1642 chartas
695 1583 869 1656 effunderet3
893 1585 924 1643 in
945 1601 1064 1660 quorum
1081 1602 1226 1642 numerum
1246 1583 1271 1640 si
1291 1583 1398 1640 referas
1526 1604 1527 1655 3

211 1733 213 1738 ¹
293 1667 420 1752 geminas
441 1667 502 1728 illas
534 1667 571 1726 de
596 1666 756 1729 Andronico
776 1668 884 1728 iuniore
904 1670 1098 1748 narrationes,
1118 1669 1221 1746 quibus
1245 1687 1329 1732 *suam
1354 1667 1399 1726 hi·
1526 1662 1527 1737 J

294 1753 411 1816 storiam
431 1753 552 1837 claudit,
572 1753 679 1834 absque
695 1755 797 1820 iniuria
817 1754 980 1836 Gregorue,
999 1755 1054 1818 nisi
1072 1753 1172 1836 failor,
1187 1755 1219 1816 id
1238 1753 1297 1815 uo
1329 1812 1338 1819 .
