3092 4942
260 301 334 374 ³64
417 295 625 370 GRETSERI
636 297 692 366 ET
711 292 844 364 GOde
857 291 1189 363 COMMENTARIUS

239 478 243 502 ¹
342 485 370 544 p·
384 466 425 528 93
445 483 472 522 v.
493 465 542 526 22.
565 457 651 538 τάξιν
666 457 928 542 decimonono,
948 457 991 542 ἢν
1003 463 1128 523 καλοῦσι
1145 463 1203 522 cosi
1222 456 1256 522 di
1268 482 1350 521 ποτε.

259 550 373 618 ordinem
397 549 614 622 medandicum,
636 567 710 626 quern
729 551 814 626 ipsius
828 553 932 608 occant.
974 567 1139 633 perperam²
1158 546 1210 604 sed
1233 545 1352 604 correxit

257 635 353 693 Iunius
374 652 495 692 errorem
516 651 551 690 ex
570 633 625 692 alio
649 633 751 692 codice.
793 632 943 709 legendum
962 633 1036 690 eninr
1049 635 1105 691 rosi
1119 625 1299 703 demesticos,
1317 637 1352 688 ut

258 721 344 778 habet
364 718 484 778 Ioannes
502 718 716 778 Cantacuzenus
736 718 766 776 in
786 737 839 776 sua
857 717 1038 779 historiali
1060 717 1098 775 de
1111 716 1191 774 bellis
1205 717 1278 774 inter
1290 714 1352 772 An·-

257 805 401 862 dronicum
420 823 503 862 arum
523 808 560 860 et
574 809 723 880 nepotem3
746 802 797 862 ubi
819 804 903 862 ritum
915 802 1101 879 inaugurandi
1114 802 1288 879 imperatoris
1302 802 1351 858 de-

258 890 363 946 scribit.
411 889 473 947 cad
494 888 593 946 Bavar.
616 882 814 960 decemuiros,
844 894 934 964 recte,
959 888 983 944 si
1002 887 1114 944 ordeum
1134 887 1225 962 sigma
1247 887 1351 944 denas.

258 993 359 1054 scissus
372 980 433 1032 est:
453 974 603 1050 imperator
624 978 703 1030 tenet
716 977 783 1030 tunc
792 971 934 1052 (nimirum
948 972 977 1030 in
990 971 1038 1030 illa
1050 971 1240 1051 processione)
1260 970 1351 1029 locum

258 1059 388 1134 deputati,
430 1064 590 1122 numeratur
612 1063 706 1116 autem
726 1058 848 1116 officium
867 1059 996 1135 deputati
1016 1077 1035 1115 a
1050 1057 1211 1136 curopalate
1221 1056 1294 1116 inter
1308 1057 1351 1114 ot*-

258 1144 320 1202 iicia
332 1162 452 1220 magnae
465 1142 594 1202 ecclesiae
606 1143 636 1200 in
652 1142 780 1220 catalogo
794 1143 951 1202 officialium
964 1143 1089 1201 eimdem
1102 1143 1201 1219 aulae,
1214 1162 1238 1200 c
1254 1144 1285 1204 1.

326 1265 391 1318 ibid.
426 1264 574 1334 simulatque
590 1281 710 1318 sommum
732 1265 864 1336 imperium
882 1263 967 1334 quiris
987 1264 1131 1332 accipiebat
1146 1265 1299 1334 imperatos,
1314 1263 1354 1316 ait

259 1333 389 1398 Zosimus,
408 1336 514 1388 amictus
532 1335 556 1387 ei
578 1335 743 1388 sacedotalis
766 1352 783 1388 a
805 1333 967 1403 pontificibus
989 1333 1162 1401 offerebatur,
1184 1340 1211 1386 et
1232 1332 1351 1385 continuo

259 1403 386 1473 pontificis
403 1403 502 1458 maximi
518 1402 618 1457 titulum
634 1405 787 1486 usurpabat3
805 1410 929 1472 tantaque
947 1408 1006 1456 erat
1029 1402 1097 1455 inter
1120 1401 1307 1472 imperatoriam
1323 1408 1352 1452 et

258 1471 415 1556 pontificiam
431 1471 578 1540 dignitatem
595 1489 717 1526 connexio
743 1479 772 1525 ut
796 1472 852 1526 sine
875 1473 923 1525 bac
941 1471 986 1525 illu
1009 1471 1151 1524 consistere
1172 1470 1302 1552 nequiret3
1320 1487 1352 1521 ac

260 1557 288 1598 tn
306 1558 364 1594 eum
381 1540 476 1593 subditi
492 1541 637 1611 conspirare
660 1541 850 1611 impellerentur
869 1541 1005 1606 audacius,
1026 1558 1101 1610 quem
1125 1540 1207 1608 patria
1230 1539 1352 1606 religione

261 1616 434 1662 consecratum
451 1625 502 1660 nco
518 1609 761 1680 contemplatorium
784 1626 858 1680 quem
882 1626 945 1662 vero
969 1608 1013 1661 illa
1036 1609 1161 1662 sublatum
1185 1607 1353 1678 suspicerent,

259 1685 331 1729 tanta
348 1677 421 1730 simul
436 1678 586 1730 strenuitate
601 1678 737 1748 pollentem
754 1679 943 1731 venerabuntur
957 1681 987 1729 nt
1010 1694 1042 1729 eo
1063 1677 1167 1747 quosvis
1189 1677 1352 1744 magistratus

259 1753 403 1798 assererent
419 1745 568 1812 interiores,
585 1757 613 1798 et
629 1765 662 1799 ex
678 1749 733 1800 eius
749 1755 813 1800 nutu
829 1747 1012 1816 voluntateque
1034 1762 1078 1800 ses
1093 1747 1210 1816 pubflcae
1227 1745 1352 1815 pnsum,

259 1814 320 1868 beili
337 1815 424 1883 pacis,
440 1824 561 1868 externae
577 1815 728 1870 domesticae
749 1822 856 1870 eundae
882 1815 1035 1886 pendereot3
1059 1833 1126 1884 qnae
1153 1832 1230 1870 causa
1253 1814 1302 1867 tuit
1322 1823 1353 1868 ut
1388 1862 1391 1866 Δ
1463 1809 1471 1820 ’

257 1883 324 1936 inter
341 1883 498 1936 Christianos
514 1883 683 1954 imperatores
701 1885 790 1957 primi,
809 1884 993 1938 Constantinus
1012 1877 1178 1937 Constantius
1193 1881 1351 1936 Valentinia-

257 1969 306 2004 nus
322 1951 419 2005 Valens
436 1959 464 2004 et
481 1953 523 2006 alii
540 1953 573 2005 ad
590 1953 742 2006 Gratianum
759 1971 855 2024 usqne,
871 1953 997 2024 pontificis
1014 1953 1112 2006 maximi
1129 1953 1230 2005 titulum
1247 1953 1352 2005 stolam-

257 2038 309 2090 que
332 2037 381 2073 ncn
404 2022 500 2074 inerint
520 2021 640 2075 aversati.
666 2023 725 2076 binc
746 2023 808 2076 illud
832 2021 958 2076 Ambrosii
979 2022 1012 2074 de
1029 2021 1180 2074 Christianis
1197 2021 1352 2090 principibus

257 2090 332 2141 etium
350 2091 418 2142 intre
434 2091 594 2144 Christianae
610 2091 742 2159 religionis
757 2092 879 2145 terminos
894 2090 1031 2144 ambitione
1047 2092 1122 2143 motis
1137 2089 1249 2143 ‹lictumr
1270 2092 1352 2157 selgo

256 2159 309 2212 dici
326 2160 394 2226 quart
404 2161 572 2227 imperotores
583 2163 754 2216 sacerdotium
771 2164 860 2229 magis
871 2162 1017 2232 optaverint
1028 2178 1105 2228 quous
1117 2161 1253 2228 imperiosa
1263 2177 1352 2213 socer·

256 2227 338 2281 dotes.
355 2227 400 2280 ubi
417 2237 502 2280 temen
520 2237 593 2282 auctu
609 2231 700 2298 religio
724 2231 871 2284 umbratiles
895 2229 970 2282 etium
988 2229 1175 2298 superstitionis
1198 2230 1286 2281 titulos
1304 2228 1351 2279 eli-

255 2294 362 2348 nrinavit
379 2314 393 2348 e
410 2298 526 2365 palatio,
549 2315 580 2350 uc
604 2300 703 2352 sincera
719 2300 808 2351 mentis
826 2299 935 2351 deiectio
952 2298 1031 2351 falsus
1049 2306 1094 2349 aut
1112 2315 1194 2350 vanas
1206 2297 1353 2368 repudiavit

255 2363 457 2432 appellationes.
475 2365 541 2416 inter
557 2365 659 2418 ultimos
681 2367 803 2421 ecclesiae
824 2369 951 2420 ministros
975 2367 1056 2420 iocum
1080 2367 1193 2435 reperire
1211 2385 1243 2419 ac
1264 2382 1351 2419 eorum

254 2446 344 2482 munus
362 2433 494 2500 quodpiam
512 2433 537 2484 in
551 2435 660 2486 ecclesia
679 2435 749 2488 obire
765 2437 815 2489 fuit
830 2437 922 2488 illisio
938 2436 1035 2505 pretio;
1059 2436 1125 2488 unde
1142 2443 1223 2488 ortum
1239 2443 1301 2506 puto
1322 2441 1353 2487 ut

256 2499 375 2568 antiquas
391 2500 539 2567 chlamydes
555 2503 711 2572 posteriores
734 2504 833 2573 imperii
853 2521 1014 2558 successores
1029 2505 1055 2557 in
1072 2504 1211 2572 mundym,
1230 2505 1352 2557 lectorum

255 2567 350 2652 pallia,
368 2577 564 2633 converterent,
580 2572 756 2642 deputatorum
774 2573 802 2626 iu
818 2573 926 2626 ecclesia
939 2581 1061 2640 gererent
1083 2573 1211 2640 officinm,
1236 2580 1263 2626 et
1285 2573 1351 2625 vium

256 2655 282 2688 m
299 2639 398 2690 solenni
414 2655 543 2693 sacrorum
560 2640 681 2694 donorum
704 2642 739 2694 ad
759 2642 842 2694 altare
866 2639 1045 2712 deportatione
1067 2642 1166 2697 clericis
1186 2650 1214 2695 et
1233 2642 1352 2695 sacerdo-

255 2705 325 2758 tibus
348 2714 492 2761 sternerent
498 2729 508 2770 ;
530 2725 561 2761 ac
585 2709 683 2763 demum
713 2711 820 2763 ecclesia
844 2711 989 2779 religiosam
1013 2710 1154 2764 huiusmodi
1178 2710 1352 2765 demissionem

237 2779 780 2901 1gqqrpienqqrtusa‚mtthqtqoqnnnqrq'aqdin
804 2779 927 2833 altaribus
954 2781 1123 2901 accendenqi,
1147 2780 1252 2832 &buteo
1260 2797 1351 2902 eqereo

306 2862 363 2896 erc
384 2863 456 2897 onem
540 2863 631 2902 cerm
691 2866 715 2902 re
750 2865 862 2902 nsanos
928 2865 1058 2903 sermones
1074 2868 1090 2901 s

257 2915 343 2982 pulum
360 2914 467 2966 habendi
484 2914 618 2970 contulerit
633 2865 687 2971 gam
704 2865 966 2988 potestatemrduum
982 2920 1016 2970 ab
1033 2865 1352 2984 tetrasemi&

257 2983 428 3050 usurpationis
439 2983 607 3038 criminereor
621 2987 772 3040 vindicatam
783 2997 843 3038 nota
857 2987 883 3038 io
896 2987 999 3040 huiusce
1013 2987 1124 3042 auctoris
1135 2987 1216 3040 nestri
1226 2994 1302 3056 mput
1320 2986 1351 3040 14

258 3051 325 3120 adp.
337 3054 372 3106 76
384 3069 409 3105 v.
422 3056 465 3106 20.
475 3069 548 3122 quam
564 3055 586 3106 si
604 3056 662 3123 quis
680 3054 893 3110 condensandum
909 3056 1066 3126 pervicacius
1076 3062 1191 3125 expetat,
1204 3074 1261 3108 reos
1277 3056 1351 3108 simut

158 3174 164 3186 ,
257 3127 319 3188 agat
335 3139 440 3174 necesse
457 3131 497 3173 est
515 3123 740 3178 christianissimos
757 3142 833 3193 reges
848 3125 875 3176 in
896 3143 1017 3196 primores
1040 3125 1175 3177 wronicos
1200 3143 1216 3177 a
1238 3124 1351 3193 pluribus

258 3191 437 3243 ecclesiasticis
454 3191 568 3258 collegiis
587 3194 709 3260 allectos,
727 3195 881 3262 eosdemque
896 3212 928 3248 nc
943 3211 1074 3262 supremos
1089 3194 1154 3246 aiios
1169 3195 1262 3248 saeculi
1279 3196 1350 3261 prin-

258 3259 346 3328 cipes,
362 3260 405 3329 qui
422 3262 531 3312 munium
548 3262 643 3332 aliquid
659 3263 886 3318 ecclesiasticorum
904 3272 1068 3334 praesumant
1081 3263 1150 3318 acin
1163 3263 1350 3334 privilegiorum
1427 3312 1431 3317 .

251 3336 354 3397 ¹partem
372 3347 424 3383 rem
440 3331 571 3400 deputent.

339 3464 367 3520 p.
383 3442 424 3506 94
437 3465 463 3504 v.
483 3447 510 3508 1.
537 3453 710 3526 προηγεῖται
732 3449 786 3524 τῆς
809 3439 926 3508 εἰσόδου
947 3439 1057 3525 πάσης]
1083 3447 1220 3524 praeemit
1237 3466 1285 3524 per
1305 3447 1351 3504 ia-

255 3546 370 3602 gressum
393 3534 484 3587 totum.
528 3531 634 3590 inscite.
676 3532 770 3609 potius
788 3532 924 3609 praecedit
944 3537 1027 3591 toturn
1046 3532 1274 3611 supplicatum,
1292 3535 1351 3610 pn‘·

256 3633 313 3670 snus
323 3617 363 3670 est
377 3615 405 3670 in
416 3619 585 3691 processione.
628 3617 842 3674 Cantucuzenus
855 3614 982 3698 ἡγεῖται.

340 3733 375 3790 s'b.
396 3752 422 3791 v.
445 3735 473 3796 6.
503 3733 600 3796 forsan
621 3758 673 3817 pro
691 3731 765 3798 ἄλλα
779 3736 929 3814 legendum
943 3733 1060 3798 ἔπιπλα.
1104 3736 1144 3794 sic
1158 3735 1232 3793 enim
1245 3733 1351 3792 Canta-

240 3836 391 3920 ,cuzepust
415 3813 522 3882 ἔπιπλά
542 3845 573 3884 τε
593 3822 644 3884 καὶ
667 3820 759 3901 σκεύη
779 3829 838 3885 τῶν
860 3821 949 3903 ἱερῶν
965 3820 1018 3884 καὶ
1033 3816 1110 3884 crisci
1125 3815 1272 3903 ἁγιώτατα
1285 3817 1351 3880 ἔπι-

256 3925 425 3982 φερομενοι.

324 4016 389 4070 ibid.
424 4013 505 4087 σκεύη
523 4013 555 4071 δέ
570 4035 600 4071 τε
618 4014 701 4088 ἄλλα]
718 4020 744 4072 in
760 4019 878 4088 liturgiae
896 4019 1014 4089 ingressu
1030 4020 1140 4082 maiore,
1166 4034 1241 4072 sacro
1257 4029 1351 4084 proce-

258 4085 331 4137 dendi
351 4085 417 4150 ritu,
433 4087 543 4140 lectores
560 4087 705 4141 subdiaconi
724 4087 824 4146 dictord
847 4095 874 4140 et
895 4091 1043 4142 sacerdotes
1069 4089 1158 4141 ordine
1183 4083 1352 4156 progrediun-

257 4161 314 4207 turr
334 4156 449 4227 pontifex
464 4156 486 4207 si
503 4156 633 4220 celebret,
649 4173 780 4227 nosquam.
797 4158 843 4210 sed
860 4159 994 4211 redeuntes
1009 4158 1037 4210 in
1054 4157 1133 4211 sacris
1150 4156 1231 4209 salvis
1247 4152 1351 4220 excipit.

259 4224 367 4278 lectores
385 4233 412 4278 et
427 4225 477 4278 iliis
496 4225 613 4294 permixti
636 4225 750 4296 deputati
774 4235 802 4279 et
823 4227 968 4281 subdiaconi
993 4245 1082 4280 cereos
1105 4240 1227 4278 accensos
1249 4223 1351 4292 praele-

259 4301 320 4348 runt
342 4297 383 4349 vel
405 4295 522 4362 flabella,
548 4295 647 4349 diaconi
672 4296 799 4365 turibula,
824 4298 973 4367 penobimos
994 4303 1079 4350 tamen
1100 4293 1229 4366 pontificis
1248 4289 1351 4362 pallium
