3092 4942
152 329 224 398 142
307 318 520 393 GRETSERI
531 320 588 390 ΕΤ
602 253 738 386 Germ
751 315 1088 384 COMMENTARIUS

147 491 208 552 eive
229 493 371 552 ιτιιολοιλο.
413 488 480 548 hinc
498 491 531 547 et
545 482 670 564 potrum
689 480 813 560 dignitas
838 479 916 560 apud
943 479 1084 540 Codicum
1110 499 1140 560 p.
1164 481 1204 547 1o
1226 484 1247 546 8

99 640 102 659 Ι
148 597 172 636 c
195 579 495 656 λιτρωτασητρῆτις,
523 591 580 630 vox
599 590 635 631 ex
655 569 765 628 Graeco
792 573 823 628 et
848 566 953 626 Latino
979 571 1126 645 compacta
1148 565 1249 645 (proto-

149 665 316 722 secretariun
331 659 418 734 aliqui
437 655 614 735 nommant),
634 652 719 731 longe
736 652 862 712 diversus
884 652 920 710 ab
937 652 993 710 isto
1013 657 1112 710 nostro
1134 651 1183 726 qui
1208 649 1249 707 di-

151 747 224 804 citur
245 744 264 808 d
279 743 328 807 ἐστὶ
345 747 408 806 τοῖν
425 740 591 822 σετρὲτωνι
612 758 678 800 nam
694 737 741 796 ille
762 738 847 798 iudex
865 742 945 813 erat,
964 737 1010 794 hic
1029 736 1151 794 iudicum
1164 738 1195 794 et
1207 753 1251 791 se-

151 838 238 890 natue
256 830 427 888 administer.
469 845 556 904 quare
570 831 604 883 ut
625 824 737 883 nomine
750 841 817 882 cum
832 820 942 880 Latinis
962 819 1063 880 Graeci
1076 820 1253 896 conveniant,

152 922 255 974 neutro
276 921 372 973 tamen
390 912 476 971 modo
496 907 666 969 conve'niunt
686 926 719 967 re
738 907 909 984 significata:
930 903 1040 964 Latinis
1057 906 1253 964 enimrecretn·

155 1003 214 1059 einr
237 1001 293 1057 iam
318 999 405 1076 vulgo
433 1003 478 1055 eat
496 998 633 1055 σολααιίιιι
647 1012 699 1051 aeu
714 994 802 1052 rcridn
818 997 870 1049 etc.
910 991 967 1060 ‚etsi
986 991 1039 1048 hac
1061 990 1175 1047 notione
1198 1007 1253 1046 vox

156 1085 225 1143 haec
239 1082 316 1162 apud
326 1084 450 1142 Graecos
461 1098 575 1157 quoque
587 1081 723 1154 occurrat,
741 1077 790 1153 qui
807 1081 837 1135 et
847 1076 920 1135 hanc
936 1095 955 1134 n
969 1076 1075 1135 recretis
1088 1093 1169 1133 suam
1180 1073 1254 1131 fece-

157 1176 225 1228 runt
245 1176 275 1227 et
297 1169 326 1227 in
347 1188 432 1226 uuam
449 1168 626 1241 conflarunt,
654 1153 811 1242 άσαιρῇτις
827 1160 871 1219 ‘vel
892 1154 1063 1242 άσεκρήτης.
1104 1158 1182 1237 apud
1205 1158 1255 1214 Ci-

157 1255 243 1313 trium
269 1258 349 1312 tenet
373 1250 392 1315 d
418 1249 468 1315 ἐττλ
493 1253 553 1311 τῶν
580 1245 726 1328 στκρὲτων
751 1245 844 1306 Ιοοιιω
869 1245 1012 1304 decimmn
1056 1237 1255 1323 άσηκρήτειον

158 1339 236 1416 apud
261 1338 422 1396 Cedrenum
449 1337 480 1394 in
503 1333 640 1393 Micheele
659 1333 827 1410 imperatore
844 1334 889 1388 eet
905 1331 981 1389 curia
995 1348 1046 1390 seu
1066 1327 1144 1387 locus
1164 1345 1256 1385 secre-

158 1424 239 1481 tioris
256 1422 379 1499 consilii,
399 1418 445 1482 vel
468 1417 546 1479 locus
561 1418 610 1476 ubi
629 1417 770 1476 secretarii
793 1415 969 1474 converiunt
1011 1414 1042 1472 in
1064 1411 1255 1472 Pseudocaro-

159 1507 218 1568 lino
240 1525 326 1585 opere
346 1509 383 1565 de
403 1503 574 1583 Imaginibus
595 1499 616 1566 4
637 1505 658 1567 9
678 1503 760 1561 unica
778 1501 899 1560 dictione
913 1499 1034 1560 occurrit
1054 1495 1191 1560 Aeecreta.

124 1652 127 1664 ‚
244 1643 274 1701 p.
291 1623 311 1686 5
326 1641 352 1682 v.
369 1623 398 1686 6.
440 1622 575 1698 Sequitur
597 1619 713 1697 quintus
738 1616 755 1683 d
778 1615 829 1684 tut
847 1620 903 1700 τῆς
933 1615 1015 1700 ἱεροῖς
1041 1609 1257 1688 καταστάσεως,

159 1707 311 1790 praefectus
330 1727 407 1766 encre
423 1711 590 1779 ιοκαξιλοτίο,
618 1706 659 1764 ait
673 1705 779 1765 Iunius.
820 1705 923 1763 rectius
942 1704 973 1762 in
988 1702 1053 1762 Iure
1077 1701 1133 1762 GR
1151 1701 1260 1780 praese·

162 1801 221 1852 ctare
239 1809 332 1852 ταοτοσ
352 1794 480 1866 stationi,
504 1792 582 1849 cuius
598 1796 643 1850 eet
659 1787 741 1865 ἐντὸς
760 1793 817 1852 τοῦ
838 1785 987 1869 βήματος,
1008 1791 1083 1848 intra
1101 1788 1260 1870 tabernucu7

111 1885 114 1893 '
162 1879 235 1949 inm,
263 1881 336 1936 intra
362 1876 450 1935 ultore
477 1879 579 1954 ipsun,
605 1869 761 1953 εάταξίαν,
790 1880 897 1934 rectum
922 1873 1103 1949 debitumque
1125 1872 1260 1946 ordinem,

162 1979 327 2021 conservare
345 1959 418 2019 inter
435 1961 577 2020 ministros
592 1965 623 2018 et
632 1961 709 2020 aiios.
752 1964 828 2019 errat
841 1960 914 2018 enim
928 1959 1043 2037 Iunius,
1066 1958 1114 2032 qui
1128 1955 1261 2036 praefecti

162 2048 244 2106 huius
265 2065 366 2105 munus
386 2045 441 2106 alio
459 2047 554 2105 trahit
596 2051 627 2104 ct
654 2047 719 2105 tocie
744 2047 802 2105 illie
829 2045 1027 2119 secretioribus,
1047 2043 1140 2118 inquit
1155 2041 1262 2115 Iunius,

164 2133 267 2192 indices
277 2132 315 2189 od
325 2131 445 2190 tribunal
455 2132 563 2190 coneilio
577 2136 654 2210 cepte
665 2133 816 2204 οταιτοατιλ,
836 2130 884 2188 nbi
902 2130 1017 2188 ordinem
1036 2131 1061 2186 ιτ
1079 2131 1127 2205 qni
1142 2129 1262 2206 proxime

167 2219 289 2294 requitur
295 2218 474 2293 procreabat,
494 2213 571 2281 o‘tui
587 2219 643 2295 τῆς
657 2215 739 2294 ἱερᾶς
753 2208 960 2285 καταστάσεως
973 2211 1085 2272 scilicet.

237 2317 320 2380 diat
343 2328 393 2395 τῆς
416 2322 494 2392 [eoric
511 2319 716 2395 καταστάσεως]
744 2325 784 2390 τί,
804 2329 834 2379 ut
850 2325 1111 2390 nocentiumque,
1134 2323 1200 2378 idern
1219 2323 1263 2394 qui

168 2389 360 2460 intricatior
378 2395 473 2459 fuerit,
489 2395 521 2447 de
532 2395 575 2449 iilo
586 2396 718 2448 haeceine
729 2411 794 2447 maer
823 2389 839 2448 d
864 2389 911 2448 tut
932 2389 1059 2460 εὐταξίας
1081 2392 1190 2448 ἵσταται
1215 2389 1264 2447 καὶ

169 2461 280 2534 δέχεται
307 2459 373 2526 τούς
391 2458 530 2584 debentne
553 2460 603 2516 καὶ
627 2461 719 2531 στήκει
741 2457 940 2525 eiectionem}
963 2459 1016 2532 τὴν
1034 2459 1130 2531 τάξιν,
1159 2463 1265 2530 μᾶλλον

170 2528 203 2586 dd
228 2530 278 2586 καὶ
302 2527 339 2585 τά
364 2534 423 2584 καθ
451 2550 511 2585 οον.
546 2532 643 2584 τόσσοι
660 2531 722 2585 aliar
743 2527 781 2585 τοὶ
810 2527 922 2599 ὁοίζουν
946 2531 995 2585 ἵνα
1021 2532 1191 2599 φιλοκαλοῦν
1215 2527 1265 2584 καλ

169 2597 207 2655 νά
224 2596 342 2654 πλάτωσι
360 2595 412 2663 τάς
432 2595 583 2667 κανδήλας.
618 2617 706 2653 verum
730 2601 856 2655 nominum
879 2601 972 2654 omisso
995 2600 1151 2666 discrimine,
1176 2599 1263 2653 dicen-

171 2670 232 2722 dum
246 2670 378 2722 manifecte
395 2668 459 2735 ττεςλ
483 2670 535 2722 τοῦ
549 2663 597 2722 ἐπὶ
614 2670 664 2737 τῆς
679 2664 756 2736 ἱεράς
770 2666 976 2732 καταστάσεωςι
1001 2670 1035 2723 da
1056 2687 1107 2740 quo
1125 2687 1176 2722 uon
1194 2668 1263 2721 Alla-

169 2739 242 2791 tiaoa
252 2755 312 2803 mee,
329 2737 374 2790 aed
386 2738 472 2790 Allatd
482 2738 562 2809 ipriue
570 2753 674 2801 meum,
690 2738 734 2791 ubi
744 2737 778 2791 de
791 2739 958 2793 recentiorum
978 2739 1137 2792 Graecorum
1154 2737 1265 2806 templis.

170 2824 206 2860 ne
217 2806 341 2870 minimi,
358 2808 401 2875 qni
413 2808 585 2876 utplurimum
603 2807 709 2860 iuvenca
721 2813 798 2874 eunt,
814 2808 846 2860 ad
863 2808 993 2861 ludendum
1014 2824 1085 2876 prom
1104 2807 1139 2872 ti,
1155 2805 1266 2876 ineptiae

169 2883 250 2944 agent
260 2885 287 2929 et
297 2874 374 2928 riuum
386 2875 510 2942 excitent,
526 2877 675 2946 praefectur
684 2875 736 2929 illie
748 2869 795 2930 iret
811 2875 863 2945 τῆς
879 2871 955 2945 ἱερᾶς
971 2893 1172 2943 καταστάσεως,
1185 2891 1266 2944 prce-

166 2947 255 3014 secu·
265 2962 339 2999 ιαοτο
350 2947 500 2999 concietorie
510 2945 537 2998 iu
554 2945 613 3000 lure
629 2945 690 3010 GR,
710 2950 737 2997 at
754 2946 878 2999 Greteero
887 2942 1266 3015 praescetneearrraeetctioni‚

189 3024 341 3080 uamrecte,
359 3013 409 3083 ipei
426 3014 544 3069 viderint.
578 3031 626 3082 ego
643 3018 771 3068 verterem
787 3015 953 3068 mudnandie
967 3017 1078 3067 moridie
1090 3013 1132 3066 vel
1148 3015 1267 3086 dirigen-

193 3083 213 3133 ἰ
225 3085 321 3148 1σι’σίλιιτ
334 3085 416 3136 ταττίι
434 3102 466 3136 uc
485 3084 723 3149 constituimini,
740 3100 773 3135 ex
792 3082 941 3136 recentioris
959 3083 1062 3151 linguae
1078 3084 1196 3135 Graecae
1205 3097 1268 3152 pro-

170 3149 296 3220 prietate,
315 3150 341 3203 in
352 3151 517 3219 eaeiquidem
533 3148 699 3214 κατάστασις
716 3168 767 3204 uon
787 3158 827 3204 eet
841 3155 937 3217 cintia,
955 3153 999 3205 red
1012 3152 1070 3220 ipra
1086 3151 1194 3204 hominis
1205 3165 1267 3202 con·

172 3217 257 3282 dicio‚
276 3218 356 3285 τῖσαι,
373 3219 452 3285 ordo,
468 3221 616 3273 comtitutio
628 3226 655 3272 et
673 3237 770 3273 morer:
787 3221 846 3273 hinc
862 3221 984 3275 hominem
1003 3221 1090 3274 dicunt
1109 3215 1266 3272 άκατάστα-

172 3303 224 3340 τον
233 3303 283 3338 non
294 3286 398 3356 quinon
410 3293 478 3351 etat,
495 3289 540 3341 aad
552 3289 595 3357 qai
602 3289 724 3358 improbis
733 3289 884 3358 inaulnisqua
894 3290 1003 3343 moribus
1021 3295 1069 3342 eet.
1103 3289 1142 3340 ric
1158 3304 1215 3340 cum
1225 3287 1268 3338 vi·-

173 3355 237 3408 deut
247 3354 355 3424 aiiquem
365 3355 435 3407 nulla
446 3355 598 3409 discretione
608 3357 768 3427 praeditum,
786 3359 857 3427 quari
873 3359 1037 3412 admiratione
1048 3357 1116 3410 ducti
1128 3356 1171 3410 nn
1180 3351 1267 3409 κατά-

172 3439 289 3490 στασιν,
306 3424 374 3492 quod
390 3423 434 3475 elii
451 3419 588 3478 ederacee.
623 3443 707 3495 neque
723 3426 793 3479 aliud
810 3427 883 3481 nobie
897 3427 980 3480 innuit
990 3426 1082 3514 quoda
1100 3425 1134 3477 ud
1145 3423 1269 3494 cyrillum

175 3492 453 3574 Scythqpolitanumin
463 3492 518 3545 vita
528 3494 559 3546 S.
577 3493 663 3546 Sabae
680 3494 788 3562 legiturr
809 3489 879 3564 ἔχων
894 3491 959 3565 μεθ’
972 3495 1059 3548 notoni
1091 3488 1270 3562 ιοτιοτύοντα

174 3561 226 3644 ταῖς
241 3578 297 3614 των
316 3561 501 3647 κοιτοβιοικοξν
517 3557 710 3647 καταστάσεως
723 3564 902 3646 φροντίδων,
917 3565 1030 3619 unctor
1046 3579 1129 3647 eeeprn
1139 3562 1271 3633 praefecti

175 3631 777 3782 titettffiettrtttttttffo
786 3635 1270 3771 ἒῖῗέἴξῗιῗξζῗαὲλΐῗιῗέιιῖῗιιῖ

178 3770 331 3819 etrureumr
347 3766 399 3819 rori
434 3769 547 3830 certene
562 3763 736 3821 Ἅναστασίοο
753 3770 883 3837 σφοδρῶς
900 3767 1137 3839 ἀγανακτοῦντος,
1152 3767 1201 3823 καὶ
1216 3768 1272 3821 τιᾶ-

176 3849 231 3887 σατ
247 3831 299 3902 τὴν
317 3829 390 3888 κατὰ
438 3835 598 3905 αλαιστίνην
618 3831 845 3906 άκκλησιαστικὴν
862 3836 1030 3893 κατάστασιν
1049 3834 1120 3892 άνατ
1139 3833 1206 3906 ictae
1222 3833 1272 3891 καὶ

178 3900 302 3986 συγχέειν
319 3900 503 3970 ττιιςωμένοο.
539 3912 582 3958 etr
604 3905 656 3959 τοῦ
677 3900 730 3974 τὴν
752 3903 850 3960 ἕνωσιν
866 3905 914 3960 καλ
930 3905 1045 3977 εἰρήνην
1057 3857 1272 3974 condecernente

74 4013 79 4033 ,
178 3986 303 4056 ouyzrere
318 3968 525 4036 σπουδάζοντος
546 3971 596 4027 καλ
616 3991 688 4038 repe
711 3975 738 4036 ”c
757 3972 807 4028 aei
822 3971 1027 4039 dedecorantes·
1044 3971 1185 4030 τάττάντα
1200 3976 1270 4040 κλη-

178 4057 328 4107 οωσαττος.
363 4042 417 4094 cth
456 4043 571 4112 otypoeia
589 4043 684 4096 Snrdiir
721 4039 878 4107 κατάστασις
894 4040 945 4100 σάν
960 4041 1272 4108 θεοῖαατασταοίαςτῆς
1321 4101 1324 4106 ,

175 4111 264 4178 μονῆς
279 4110 335 4163 τῶν
357 4110 434 4162 >stov
452 4110 513 4164 ίωτ.
545 4105 659 4176 circiter
678 4129 756 4194 porro
777 4130 828 4166 uon
848 4121 943 4168 mutum
963 4099 1047 4167 bodun
1065 4113 1128 4165 ordo
1147 4117 1200 4176 eet,
1224 4109 1271 4164 aed

175 4194 259 4261 morer
269 4178 402 4248 compositi
417 4185 539 4249 recteque
557 4180 702 4247 conutituti,
719 4182 926 4251 quemadmodum
939 4183 1085 4252 oppositum
1096 4176 1196 4244 άταξία
1206 4179 1272 4231 male

176 4255 343 4331 morigerntoa
353 4254 434 4301 notat.
468 4254 607 4373 prom
623 4255 653 4302 nt
667 4249 807 4303 iuventutis
823 4255 932 4321 impetur
945 4255 1134 4321 compescerent
1145 4255 1172 4300 et
1181 4248 1272 4302 immo·

176 4314 410 4388 decaterruveuum
420 4333 505 4373 meree
598 4323 643 4373 ent
660 4335 692 4373 ιισ
708 4320 793 4374 toron
810 4321 924 4390 rixieque
940 4319 1041 4374 modum
1060 4323 1199 4390 ponerent,
1221 4311 1273 4371 τὸν
