3092 4942
534 340 581 409 IN
609 342 756 410 CODINl
784 344 867 412 CAP.
892 344 919 410 L
1200 345 1272 420 147

177 505 325 585 reeporuio
347 510 393 564 eet
414 503 504 566 valera
525 509 636 587 ulique,
660 512 731 568 sicut
750 515 777 568 et
795 513 880 589 ipsum
890 499 994 571 sacrum
1003 519 1164 589 umguartum
1176 515 1271 577 dulcio

178 611 278 663 aaa,
298 592 421 669 quamuis
441 609 496 649 uno
516 596 547 652 in
569 594 626 653 loco
638 596 826 673 sanctificata,
848 595 925 654 semel
942 601 1029 657 tamen
1041 603 1274 680 uncoficatr'onau

179 677 278 754 arlepta
286 676 386 752 utiquc
396 693 454 734 eam
465 679 576 738 rainoni
589 684 615 737 et
628 684 759 751 exserunt,
773 680 866 754 inquit
886 681 1002 758 Citrius,
1019 684 1067 758 qui
1080 689 1110 742 et
1124 687 1207 746 docet
1220 708 1272 747 au-

180 763 305 820 timmria
320 779 371 817 nom
386 762 472 837 primo
485 766 579 823 mutim
598 764 773 822 lelieoa'onis
788 767 832 824 ulie
852 765 1013 840 distributa,
1034 769 1080 828 secl
1090 776 1146 829 tum
1161 772 1274 848 danum,

180 848 229 906 uli
251 848 430 920 teguaacun
452 845 551 906 altaris
569 867 620 925 per
642 850 779 926 sacnfioia
805 855 901 927 septem
925 854 1055 912 continuis
1075 853 1164 914 licius
1183 857 1274 917 allata

181 932 417 1009 earuaflcationem
436 934 592 1008 accepisset,
612 936 642 990 in
656 940 748 1011 partes
762 933 878 992 clivium
893 938 919 992 ct
929 955 980 1014 pro
996 941 1161 1000 antimenriir
1178 940 1274 1001 distri-

62 1077 71 1086 ,
182 1018 271 1076 lutum
292 1034 354 1072 esse.
395 1013 425 1070 in
443 1017 560 1075 eandem
572 1019 740 1087 sententium
751 1015 927 1096 Nicephorue
938 1021 1093 1098 patriarcha
1108 1025 1276 1103 Cpolitanus

181 1107 249 1160 tom.
263 1104 278 1162 1
290 1098 362 1157 Iuris
376 1096 433 1155 GR
445 1098 493 1158 iol.
507 1103 549 1165 29
559 1105 734 1177 antinomia,
754 1103 863 1180 inquit,
884 1105 1031 1184 ubicumque
1046 1107 1134 1186 fuerit
1148 1114 1183 1168 iis
1199 1131 1275 1188 apua

182 1187 338 1253 mitantur,
357 1185 454 1242 accorl
466 1185 519 1244 lac
535 1187 579 1245 uel
592 1187 644 1246 illa
662 1193 771 1264 regiona
793 1191 1055 1263 circumscribuntur,
1075 1195 1122 1253 recl
1141 1197 1171 1253 in
1190 1196 1275 1255 aliam

108 1295 114 1304 ·
183 1287 284 1348 proque
295 1271 460 1346 prouinciam
472 1271 668 1348 amsfensntur
682 1277 751 1332 sinat
767 1279 795 1331 et
807 1293 912 1332 socrum
925 1282 1093 1354 unguentum.
1124 1279 1205 1338 addit
1222 1280 1276 1339 Ni-·

182 1355 320 1434 ceplroras
336 1354 510 1434 notationem
529 1357 663 1416 nominis:
682 1362 721 1418 sic
731 1365 820 1417 autem
833 1359 1000 1437 appellantur
1010 1359 1051 1435 aie
1066 1355 1276 1444 oluslnpo'carru

182 1438 235 1501 καὶ
250 1433 398 1501 lvstrvm
411 1443 471 1501 τῶν
490 1445 610 1503 πολλῶν
630 1444 745 1523 pluaav
761 1447 824 1506 suiv
841 1440 1075 1524 καταρτιζόντων
1099 1442 1154 1526 τήν
1181 1447 1274 1528 utplus·

182 1519 443 1602 autumaremus
465 1519 622 1604 τράπεζαν.
663 1528 827 1587 runtxenim
856 1529 943 1607 ipsius
968 1537 1145 1590 consecratae
1160 1552 1274 1592 mensae

183 1629 234 1668 eea
251 1627 317 1668 aree
333 1610 451 1668 uicaria:
469 1629 535 1668 nam
549 1617 582 1670 ut
596 1612 671 1670 idem
690 1612 866 1692 Nicephorus
884 1616 968 1692 dicit,
984 1621 1091 1694 proprie
1107 1636 1208 1678 memma
1222 1637 1274 1678 seu
1299 1611 1304 1624 ⁸

114 1703 118 1712 “
184 1713 248 1752 ares
267 1694 426 1770 significum
442 1714 508 1772 quos
522 1703 682 1757 consecratio
700 1719 753 1758 nur
770 1700 957 1778 sanctcficauit.
998 1707 1095 1760 manet
1114 1703 1199 1762 etiam
1219 1703 1275 1762 hac

184 1779 375 1856 Nicephorius:
398 1783 424 1839 ri
430 1799 479 1857 per
490 1785 670 1856 ignorantiam
679 1783 761 1842 lotuu
766 1782 853 1860 foueat
861 1789 1044 1844 mutinensium
1050 1831 1060 1859 ,
1078 1808 1129 1846 non
1135 1795 1275 1865 propterca

185 1868 305 1925 mittere
327 1866 560 1942 sanctificationem
579 1887 626 1927 noc
650 1868 795 1948 prosarium
812 1867 889 1945 effici.
942 1889 994 1948 pro
1018 1889 1074 1948 quo
1093 1872 1154 1948 alii,
1176 1873 1277 1931 vitiose

184 1968 300 2030 prorsus
329 1946 463 2024 nulloque
488 1969 587 2028 sensu,
616 1955 644 2009 si
660 1953 792 2031 impletum
807 1953 896 2032 fuerit
915 1958 1113 2015 antimensium:
1147 1957 1283 2016 nimimm·

184 2055 238 2114 pro
265 2038 373 2119 πλυθῇ
395 2033 525 2111 legerunt
546 2034 725 2117 πληθυνθῇ.
767 2054 840 2113 quae
862 2039 964 2097 vitiosa
984 2037 1067 2098 lectio
1091 2057 1109 2098 a
1130 2039 1277 2100 Bonefidia
1374 2051 1380 2068 ‘

185 2119 312 2198 proiecta
331 2124 423 2176 exstat
440 2121 524 2178 etiam
539 2126 607 2178 tona
626 2126 646 2184 6
664 2121 852 2180 Bibliothecae
872 2124 924 2181 SS.
946 2122 1071 2183 Patrum.

269 2204 304 2263 In
322 2203 495 2282 Euchologio
510 2205 680 2265 Graecorum
696 2207 892 2285 praescribitur
912 2201 1008 2286 τάξις,
1041 2208 1095 2268 hoc
1115 2214 1160 2266 est
1175 2211 1277 2268 maduo

186 2296 217 2348 et
234 2292 318 2368 ordo,
341 2292 522 2350 conseuuudi
538 2292 712 2350 antimensia.
755 2293 876 2371 quando,
897 2293 1005 2370 inquit,
1034 2293 1180 2353 sacerdotes
1202 2299 1279 2354 aaa·

185 2380 286 2435 mcnria
299 2394 402 2434 mensae
418 2378 570 2453 imponunt,
587 2377 644 2434 illis
660 2396 693 2434 ea
709 2377 834 2436 amantia
857 2397 903 2437 seu
915 2380 986 2456 flore
1002 2381 1060 2438 uini
1080 2379 1279 2459 supcn'nsuncltt

185 2464 320 2538 episcopus
336 2465 376 2519 ter
391 2464 613 2539 quantumuis,
630 2465 741 2519 recitato
758 2465 863 2522 interim
880 2461 985 2540 psalmo
1002 2461 1142 2542 “asperges
1168 2483 1208 2523 ue
1227 2464 1278 2524 ulo-

185 2550 255 2604 minc
270 2545 397 2623 tyrsopo,
429 2545 625 2619 etmunclalor,
656 2546 762 2606 maala
780 2566 834 2622 ne,
868 2554 894 2606 et
918 2566 995 2625 super
1012 2552 1098 2608 niuem
1113 2542 1279 2608 centoria?

187 2631 235 2689 luc
254 2635 293 2688 ter
308 2630 380 2689 dicto
394 2628 497 2708 relc‘pua
513 2631 628 2690 eiusdem
639 2632 742 2710 psalmi
763 2631 907 2708 adiungit,
928 2633 1053 2712 lumper
1070 2633 1218 2692 laudicen
1236 2638 1281 2692 ait
1383 2633 1384 2642 ’

185 2713 350 2774 “lmedietm
363 2713 427 2774 deus
447 2719 551 2785 noster,
568 2735 640 2774 nunc
659 2722 685 2775 et
705 2734 802 2794 semper
818 2723 843 2775 et
859 2721 888 2776 ia
905 2717 994 2776 saulo
1006 2718 1165 2794 seculorum,
1180 2711 1280 2777 ameru''

182 2806 277 2881 posteo
293 2805 398 2878 accepto
414 2804 489 2858 sacri
502 2803 633 2875 unguenti
646 2819 723 2872 uase,
745 2806 771 2860 et
789 2801 903 2862 diacum
925 2803 1055 2863 canona
1069 2795 1280 2877 “attardamus,'’

183 2885 260 2964 facit
272 2905 322 2964 per
337 2888 521 2944 anliurensium
538 2904 626 2944 cruces
646 2892 714 2961 tres,
737 2905 818 2946 mam
836 2905 886 2966 per
901 2887 1028 2962 medium,
1053 2889 1177 2963 utrinque
1198 2886 1278 2960 duas,

188 2974 365 3048 recitaturque
381 2968 502 3048 psalmus
525 2965 599 3028 “ecce
624 2971 704 3049 psam
732 2972 825 3030 lanum
850 2977 876 3029 ct
902 2990 981 3048 quom
1008 2962 1170 3029 iucundum’'
1197 2990 1279 3048 usqne

188 3054 226 3114 act
235 3057 337 3134 sunem,⁸
357 3053 482 3131 deumque
500 3053 653 3115 collaudans
670 3057 738 3115 dicit
754 3060 888 3132 piscopos
903 3053 1009 3131 “gloria
1030 3056 1095 3127 tili,
1116 3059 1211 3113 sancta
1227 3058 1279 3113 tri·

186 3144 275 3216 nitas,
301 3140 365 3198 aas
387 3145 473 3199 noster
493 3142 524 3197 ia
546 3132 662 3200 secula.”
698 3140 791 3198 danda
814 3145 921 3217 accepto
945 3139 1061 3198 turibulo
1076 3143 1210 3198 incensum
1228 3139 1281 3218 sa·

192 3228 245 3294 at,-
261 3231 288 3283 et
306 3225 417 3283 diacono
433 3223 534 3282 licente
548 3222 666 3282 “uanus
685 3217 837 3283 ‹lominum''
857 3227 895 3282 sic
909 3230 1034 3308 precatur
1052 3221 1187 3302 pontufex.
1210 3225 1281 3281 sub·
1372 3239 1375 3255 ·

187 3311 295 3367 duntur
311 3309 412 3367 deinde
427 3327 539 3386 preces,
563 3327 633 3384 quas
653 3327 738 3386 super
758 3311 916 3367 antimensia
934 3309 1061 3387 pontifex
1080 3309 1188 3382 fundit3
1211 3326 1282 3385 qua·
1315 3352 1320 3360 .

186 3414 251 3454 rum
268 3394 405 3452 desiderio
421 3394 468 3469 qui
481 3399 610 3471 tenetur,
627 3395 651 3451 ie
669 3392 872 3470 Euchologium
886 3393 1021 3452 consulat.
1345 3391 1347 3394 ’

273 3477 368 3536 Animi
391 3497 476 3537 causa
498 3480 576 3537 iurat
598 3481 702 3538 addere
719 3480 911 3554 quaestionem
930 3479 1030 3537 Ioanni
1048 3477 1138 3537 Citrio
1153 3480 1283 3557 proposi-

189 3568 266 3640 tam,
294 3564 364 3639 quid
386 3566 493 3625 Graece
514 3563 652 3641 significet
673 3567 871 3642 catinensium,
898 3569 929 3622 et
947 3563 1087 3639 quamodo
1107 3564 1284 3622 scribendum

189 3650 244 3726 eit,
261 3639 329 3707 nuni
341 3667 393 3727 per
405 3639 464 3728 ἦτα
483 3667 520 3706 an
540 3667 590 3727 per
607 3649 689 3710 ἰῶτα.
730 3650 768 3708 ad
786 3650 858 3708 hanc
875 3650 1066 3725 quaestionem
1079 3650 1120 3706 ita
1129 3651 1283 3726 respondet

189 3734 305 3792 Citrius.
347 3733 491 3812 appellatio
506 3735 645 3793 dedaitur
660 3754 679 3792 a
697 3753 804 3810 mensa,
834 3734 904 3812 quocl
926 3733 1066 3793 secundum
1086 3735 1199 3793 Graecos
1224 3730 1284 3812 qui·

191 3819 250 3878 dan
268 3820 407 3898 ngruficat
429 3822 545 3880 κανοῦν
569 3823 727 3889 canistrum,
752 3825 778 3878 et
798 3817 938 3878 samarium
961 3815 1086 3878 Italicam
1108 3817 1227 3896 linguam
1250 3809 1284 3880 ci

189 3901 490 3985 πεπραγματευμένον
502 3907 564 3976 τοῖς
584 3902 745 3977 ἕψοποιοῖς
764 3896 895 3964 ἔδεστόν.
938 3902 1090 3980 interpres:
1112 3903 1204 3962 uenale
1220 3921 1284 3980 pro-

185 3993 341 4068 pinatonon
359 3988 475 4048 edulium
494 3986 593 4070 (quam
610 3989 682 4046 bene
698 3989 834 4065 Graecus,
854 3992 913 4045 tum
926 3987 1000 4047 bene
1011 3986 1111 4045 Graeci
1124 3984 1284 4066 interpres).

191 4074 336 4133 audiamus
355 4081 473 4132 caetera.
515 4075 566 4133 loc
590 4077 693 4132 rotiau
714 4081 740 4131 et
753 4077 783 4131 in
799 4074 895 4131 menas
910 4072 1058 4152 aeplicatae
1071 4090 1182 4151 mapme
1198 4076 1285 4130 nomi-

191 4165 292 4218 mantur
306 4160 449 4235 marsalia,
467 4164 597 4239 tanpsam
613 4158 652 4216 art
669 4162 792 4216 anatum
812 4175 914 4216 mursae
928 4161 1027 4236 posita.
1069 4156 1181 4234 vulgari
1197 4160 1286 4213 auam

192 4262 245 4302 usu
261 4247 419 4304 marsia
434 4244 560 4304 diamur
573 4248 605 4302 ut
616 4245 646 4302 in
661 4243 777 4302 rutilus
789 4244 918 4321 antipana
931 4240 1115 4322 (antipanni).
1156 4241 1221 4298 lracc
1231 4258 1286 4297 au-

192 4334 244 4388 tem
261 4331 292 4390 in
305 4333 407 4391 saraa
419 4329 476 4389 clla
488 4333 624 4409 pausentur
638 4329 734 4388 marsa
756 4347 824 4408 quoae
843 4331 1002 4387 commotio
1024 4344 1075 4385 non
1096 4324 1285 4404 sanctrjioauita
