3092 4942
271 318 341 388 122
430 313 638 397 GRETSERI
652 316 707 380 El*
720 317 853 384 GOARI
867 317 1198 390 COMMENTARIUS

264 486 381 560 mahta,
403 483 469 560 qnia
482 481 612 543 ecclesiae
629 483 760 564 pecunias
777 483 926 566 curabant,
942 486 1138 568 asservabant,
1156 488 1359 566 expendebant.
1401 494 1429 541 ’1

263 576 294 629 et
310 570 378 628 haec
390 574 439 628 est
455 569 585 646 primaria
602 568 797 646 appellationis
818 569 899 628 huius
910 572 999 650 ratio,
1021 575 1110 650 petita
1123 572 1249 634 nimirum
1262 593 1282 632 a
1296 595 1359 634 sac-

263 654 337 731 culc,
357 654 412 713 hoe
422 659 467 713 est
479 653 515 714 ab
528 654 635 714 aerario
650 653 851 735 eeclesiastico,
874 655 917 713 cui
929 665 1085 735 praeerant.

299 793 302 797 ·
330 767 391 836 p.4
411 785 437 820 v.
456 769 480 820 1.
518 763 534 821 ci
557 763 642 836 pipare
659 763 846 838 σακελλοὶριος]
869 762 925 822 cinci
946 769 998 821 κοῦ
1014 769 1158 824 corallion
1184 769 1274 824 dictus.
1307 787 1355 830 aa·
1544 831 1545 834 ρ

261 833 369 888 atteror
398 833 563 906 βαλάντιον,
582 837 755 905 peperimus,
784 835 821 888 ait
844 836 953 888 Suidasa
977 837 1221 908 loculorumritaque
1238 847 1265 890 et
1282 856 1358 906 pecu·
1422 853 1431 877 ¹
1530 841 1545 869 ·’

263 905 359 957 uiarum
377 912 522 958 custosest
538 905 694 958 sacellarius.
731 906 795 956 harre
819 905 1002 974 expositionem
1020 906 1079 958 mihi
1096 909 1212 974 suggerit
1225 908 1358 961 Balsamou
1426 905 1429 910 ’

258 974 346 1027 Meuia
363 974 397 1025 da
409 975 568 1044 protendicoz
579 969 659 1042 νεαροὶ
671 968 885 1040 σοῑςῬωμοιίοις
895 969 1043 1026 adsuetior
1053 971 1130 1042 παρὰ
1141 971 1172 1029 cci
1185 976 1300 1029 διοικεῖν
1311 974 1359 1028 καὶ

261 1042 414 1111 φυλάττεινΙ
426 1037 491 1097 ἐστι’.
527 1039 632 1109 λέγεται
651 1033 702 1096 οὖν
712 1038 891 1110 σακελλάριος
902 1037 917 1094 ὁ
930 1043 986 1094 τῶν
995 1043 1187 1112 μονοισιηρίων
1203 1043 1355 1114 διοικουής.

260 1111 310 1164 viri
327 1112 474 1165 Latinorum
485 1112 569 1180 ignari
585 1103 669 1179 dirige
681 1111 721 1162 vel
745 1112 846 1177 corrige
862 1110 988 1178 lingnamt
1015 1119 1121 1166 mentem
1141 1113 1262 1182 percipe,
1286 1114 1358 1182 qnasi

260 1180 330 1232 dicat
354 1175 491 1234 “sacellum
506 1181 730 1234 administrationis
748 1181 931 1248 custodiaeque
951 1180 1076 1232 rationem
1100 1199 1186 1234 seeum
1207 1181 1289 1234 vehit:
1314 1183 1358 1234 ubl
1414 1240 1421 1246 ,

259 1264 323 1316 ergo
341 1250 467 1304 sacellarii
484 1250 593 1320 mentio,
623 1249 756 1302 confestim
778 1248 987 1301 monasteriorum
1004 1249 1190 1305 administrator
1207 1251 1359 1304 obversetur

261 1312 365 1371 oerrlis''.
400 1319 511 1386 optimas
529 1335 586 1370 nam
603 1326 630 1371 et
646 1319 804 1387 Stephanum
824 1319 938 1380 Persam,
951 1333 1026 1385 quern
1039 1318 1202 1388 Nicephorus
1213 1319 1359 1388 patriarcha

259 1387 362 1451 ταμίαν
373 1389 427 1440 τῶν
439 1388 586 1458 βασιλικῶν
595 1382 758 1456 χρημάτων,
782 1385 953 1455 Theophanes
970 1385 1148 1454 ouusiloiprov
1167 1393 1252 1440 vocat.
1287 1388 1358 1456 quod
1412 1391 1415 1395 '

259 1455 339 1521 igitur
356 1473 506 1510 oeconomus
520 1473 628 1524 magnae
645 1456 783 1517 ecclesiae,
801 1455 827 1506 id
845 1454 990 1508 sacellarius
1008 1455 1165 1508 monasteriis
1180 1462 1308 1526 praestat.
1327 1463 1357 1509 ut

258 1525 373 1576 rrimirnru
389 1542 477 1577 eorum
495 1525 569 1577 honis
585 1525 752 1577 custodiendis
767 1523 894 1592 invigilet.
928 1524 1059 1592 perpende
1079 1526 1141 1576 haec
1162 1543 1195 1576 ex
1221 1525 1357 1578 Allatianir

165 1644 174 1654 ,
258 1600 394 1660 excerpta:
429 1589 445 1648 ὁ
484 1591 548 1662 ένοις
563 1589 740 1660 σακελλοέριος
756 1585 946 1646 turonensium
966 1590 1016 1644 καὶ
1038 1587 1157 1658 ἐρευνῶν
1168 1588 1202 1646 roi
1223 1589 1356 1661 decipiatur

261 1613 484 1728 sternutationis:
506 1659 620 1714 πάντων
640 1663 697 1714 cciv
725 1657 932 1730 συνερχομένων
952 1657 1154 1728 δικαιωμάτων.
1197 1655 1357 1729 dissipandi
1423 1703 1425 1706 -

261 1726 455 1798 icyuprocpcio,
475 1728 601 1790 elucidare
612 1729 660 1782 nal
676 1725 800 1798 ἐξόδους,
818 1729 897 1800 βίους
911 1726 943 1782 di
955 1727 1004 1780 καὶ
1013 1731 1151 1792 πολιτείας
1163 1729 1217 1784 acio
1227 1732 1356 1796 μοναχιόν

260 1794 390 1860 ἐρευνῶν.
410 1799 458 1852 καὶ
469 1798 514 1859 δὶς
523 1798 595 1867 (τρὶς
604 1800 646 1867 Μ)
658 1801 710 1851 τοῦ
723 1793 853 1852 ἐνιαυτοῦ
867 1794 1003 1864 ἀναφέρει
1014 1795 1086 1852 ociosi
1097 1801 1136 1868 api
1147 1794 1277 1866 ἀρχιερεῖ.
1298 1799 1355 1854 ἔστι

260 1863 294 1918 rid
305 1865 352 1918 acri
363 1865 404 1928 εἰς
413 1863 464 1928 acio
474 1868 575 1931 κρίσεις
586 1865 626 1929 εἰς
636 1863 672 1920 τοὶ
684 1862 761 1932 δεξιοὶ
773 1869 824 1919 τοῦ
835 1865 996 1934 οἰκονόμου.
1031 1868 1169 1934 adiungunt
1187 1868 1250 1920 aliar
1267 1883 1351 1934 προσ-

261 1931 340 2001 φέρει
353 1933 402 1987 καὶ
418 1932 468 1989 τὸν
478 1933 612 2004 μέλλοντα
627 1937 864 2006 χειροτονηθῆναι
881 1933 921 1996 εἰς
938 1931 1030 2000 isoio,
1053 1936 1221 2004 σιηκόχιενος
1237 1937 1354 2003 πλησίον

259 2006 311 2065 σοῦ
331 2000 452 2072 μεγάλου
470 2000 631 2074 οἰκονόμου.
665 2023 716 2056 non
732 2006 841 2058 omnium
859 2022 935 2073 porro
952 2010 979 2056 et
995 2003 1089 2072 ubique
1104 2005 1209 2057 sitorum
1226 2014 1353 2057 monaste·

258 2073 354 2125 riorum
371 2077 556 2141 praefecturam
572 2074 619 2126 sihi
644 2074 756 2126 vindicat
776 2072 938 2136 sacellarius,
960 2071 1021 2138 sed,
1043 2079 1074 2124 nt
1094 2073 1166 2126 aiunt
1182 2073 1264 2142 Regia
1283 2090 1352 2128 uum.
1375 2069 1379 2079 '

257 2144 339 2206 1039,
354 2144 410 2194 τῶν
420 2138 492 2195 succi
504 2138 556 2211 τὴν
566 2141 649 2196 πόλιν
658 2141 706 2195 καὶ
717 2143 773 2194 τῶν
785 2143 957 2209 περαιικοῖν,
977 2150 1063 2193 eorum
1080 2160 1146 2208 qnae
1162 2144 1278 2212 imagin
1290 2145 1354 2197 urhe

254 2228 301 2261 areo
320 2228 372 2262 non
389 2219 416 2264 ct
430 2220 504 2264 trans
515 2221 619 2278 portum
631 2213 661 2264 ia
681 2214 854 2277 Syracusiae
879 2210 1016 2263 Galatensr'
1034 2213 1140 2278 regione
1157 2221 1217 2265 sant
1237 2213 1351 2266 conditu.

256 2279 315 2344 rat:
334 2272 350 2329 d
364 2275 449 2345 με’χοις
465 2276 627 2345 σακελοέριος
643 2281 740 2345 φορῶν
750 2273 783 2332 td
796 2276 936 2346 στιχοίριον
948 2271 1036 2330 αὐτοῦ
1046 2275 1095 2330 καὶ
1105 2273 1137 2331 ad
1150 2273 1273 2347 ὦρᾶριον
1286 2277 1349 2346 στή-

251 2338 383 2482 χειαὸἰν
401 2347 444 2417 cpi
459 2342 591 2420 εὐωνύμῳ
608 2341 685 2419 μέρει
695 2348 745 2417 τῆς
755 2344 837 2418 ἁγίας
847 2344 1001 2422 τραπέζης,
1022 2343 1174 2422 ducentae*
1187 2342 1351 2428 ἅχιονριιιί-

273 2432 327 2468 ιον.
838 2447 848 2460 Ἶ

333 2519 450 2578 Interim
477 2518 532 2578 alia
562 2538 674 2598 quoqne
704 2521 800 2580 munia
827 2517 958 2580 obibant:
996 2539 1062 2584 narn
1096 2541 1210 2598 magnac
1228 2501 1350 2582 ‘sacella-

253 2608 312 2664 εἰσι
339 2611 493 2684 potestatem
527 2606 604 2667 later
634 2610 665 2665 ia
686 2610 803 2667 atrorum
827 2612 852 2664 ct
874 2607 1010 2666 moliemm
1038 2612 1213 2679 monasteria,
1242 2627 1292 2684 qno
1321 2611 1350 2666 εἰι

253 2709 356 2748 arnonae
371 2691 630 2748 administrarentur
645 2691 693 2750 illo
712 2695 760 2767 pai
775 2693 885 2750 antistes
900 2694 1111 2752 monasteriorum
1126 2691 1292 2774 appellator,
1313 2691 1351 2752 de,

254 2795 311 2852 que
326 2762 452 2833 doninus
465 2775 495 2832 in
513 2775 611 2852 quinta
626 2774 764 2854 paritudo,
786 2776 859 2835 sicut
876 2781 906 2834 et
926 2773 943 2836 d
958 2779 1013 2836 τοῦ
1027 2776 1180 2836 conell-ico
1193 2777 1348 2836 adiutorem

254 2861 341 2918 trahet
354 2858 482 2941 ἄρχοντα
494 2863 557 2921 τῶν
572 2860 752 2937 ἐκκλησιῶν,
773 2861 810 2918 de
826 2879 881 2937 quo
895 2860 924 2916 in
938 2861 1036 2937 quinto
1051 2860 1185 2936 quinario.

323 2960 359 3013 ih.
380 2975 406 3011 v.
426 2961 453 3015 2.
485 2953 554 3026 ἔχων
570 2952 725 3025 ὖκουργόν]
756 2957 881 3009 nllatiana
908 2960 946 3022 (et
962 2957 1002 3023 Μ)
1021 2970 1114 3010 vocant
1131 2952 1346 3028 χαριουλοξριον.

255 3043 290 3082 ex
304 3043 356 3097 qno
375 3028 480 3098 percipe
495 3023 697 3096 χαρτουλοὶριον
708 3027 818 3080 scritum
832 3027 981 3091 inferiorem
996 3026 1128 3080 denotare.

337 3117 406 3176 Non
427 3117 561 3175 absimilia
584 3117 750 3178 Balsamon:
777 3133 891 3194 magnos
913 3115 1069 3176 rocdtarr'os
1092 3133 1183 3175 aarum
1202 3118 1272 3190 gart
1293 3135 1346 3176 οιε·

253 3206 441 3273 sannone,
457 3209 513 3259 tum
528 3221 615 3259 eonem
630 3221 698 3276 qaue
709 3206 771 3259 runt
789 3204 864 3259 intro
883 3200 970 3260 ortem
988 3220 1066 3278 ρυοιιι
1087 3204 1147 3260 τοῖν
1170 3207 1347 3278 πειρατικῶν,

174 3332 177 3337 ,
252 3288 309 3346 lroc
326 3292 372 3345 est
396 3304 467 3362 quae
489 3291 557 3344 sunt
579 3287 609 3343 in
630 3280 701 3343 P'era
727 3304 779 3343 seu
801 3284 922 3365 Peraea,
944 3303 1007 3344 curn
1027 3284 1146 3344 civitatis
1166 3285 1345 3360 imperatricis

252 3373 360 3430 decima
380 3371 464 3428 tertia
483 3371 562 3446 regio
574 3371 613 3429 sit
636 3370 710 3429 Pera
727 3389 780 3427 seu
790 3369 917 3448 Peraea,
941 3375 974 3428 ut
995 3375 1075 3447 patet
1097 3387 1132 3428 er
1160 3369 1346 3447 descriptione

183 3443 191 3458 κ
250 3457 328 3513 arrhis
342 3455 528 3534 Cpolitanae,
546 3455 620 3512 inter·
635 3456 712 3513 euius
731 3455 860 3531 regiones
877 3453 969 3514 locum
991 3454 1127 3533 decimum
1143 3455 1256 3538 tertium
1272 3457 1345 3514 obti-

249 3548 300 3598 net
318 3541 439 3617 Sycenu,
456 3557 528 3616 quae
544 3538 599 3597 alio
615 3540 728 3597 nornine
751 3539 823 3598 Pera
843 3545 874 3600 et
894 3540 978 3597 hodie
997 3539 1109 3598 Galata.
1137 3559 1200 3600 cunr
1218 3560 1285 3617 ergo
1307 3543 1345 3599 ad

250 3625 431 3702 Cpolitanam
451 3624 549 3683 urbem
570 3624 727 3702 pertineat,
745 3643 804 3682 non
827 3624 963 3683 immerito
982 3626 1076 3684 curam
1097 3629 1129 3688 et
1144 3625 1344 3702 inspectionem

251 3711 337 3768 hahet
350 3710 506 3768 σοιεῑὶοτίκι
516 3710 547 3766 ἰιι
557 3708 725 3767 monasteria
742 3728 814 3785 quae
831 3711 861 3766 in
882 3709 955 3767 Pera
965 3710 1021 3767 sita
1037 3716 1124 3788 sunt,
1143 3710 1344 3787 quaequeBal·

236 3790 348 3854 ermon
363 3800 447 3854 vocat
464 3793 603 3852 Pontica:
623 3812 642 3851 a
659 3792 732 3851 Pera
750 3795 824 3853 enim
841 3795 910 3853 urhe
930 3795 1046 3854 deduxit
1070 3796 1125 3856 hoc
1139 3814 1249 3854 nomen.

334 3877 430 3940 Minor
440 3877 600 3937 sacellarius
613 3896 664 3936 seu
677 3878 799 3937 sutellius
810 3880 955 3938 catholicas
969 3882 1091 3940 acclama
1104 3899 1155 3938 aua
1169 3885 1197 3938 a'n
1207 3885 1339 3958 potestate

248 3963 326 4024 dohet
357 3971 384 4024 et
410 3964 509 4023 seoelr'n
536 3967 592 4022 σιὐε
621 3964 773 4035 corallium,
801 3962 893 4040 inquit
921 3965 1056 4022 Codinus.
1106 3963 1153 4020 uhi
1180 3965 1286 4021 mentio
1310 3961 1344 4024 fit

135 4048 361 4125 renascenti,
392 4064 443 4108 ne·
466 4038 574 4125 cogites
599 4065 694 4108 euram
722 4047 899 4108 eeclesiarum
931 4049 1077 4107 excludere
1113 4048 1248 4106 rocella'urrr
1276 4067 1342 4124 pro-

248 4137 309 4214 prie
339 4135 452 4193 dictum.
494 4140 525 4192 et
552 4134 678 4211 ροοοιιὶσ
704 4135 734 4191 in
766 4133 953 4210 descriptione
979 4129 1063 4192 officii
1089 4135 1184 4206 magni
1209 4133 1346 4191 sacellarii

249 4222 343 4278 (tenuo
367 4237 426 4278 nou
448 4224 593 4296 repetatur
613 4238 681 4276 cura
696 4218 827 4296 rocellae,
848 4224 972 4278 attamen
993 4216 1084 4294 ipsum
1103 4235 1205 4274 nomen
1228 4218 1257 4276 id
1274 4217 1344 4274 satis

139 4379 142 4384 ¹
247 4306 367 4367 indicate
384 4321 468 4365 nemo
480 4304 555 4365 enirn
574 4304 703 4384 proprie,
719 4304 776 4364 imo
795 4303 892 4366 forsan
911 4321 949 4362 na
969 4306 1037 4382 apte
1055 4301 1168 4380 quidem
1185 4303 1344 4362 nominatur
