3092 4942
508 319 555 389 llll
576 321 829 391 euoluitur.
852 321 913 392 Vl.
1188 321 1263 394 985

157 479 231 537 dsnr
248 479 313 548 elus,
329 479 442 567 iuquam,
458 481 557 567 nomini
568 481 676 552 priunum
692 483 721 536 et
734 482 899 554 praecipuum
915 482 1015 558 imperil
1030 482 1185 541 urnnurn
1200 501 1264 542 sou·

156 554 284 605 secrrtrnu
300 557 358 615 est,
377 559 406 606 at
423 568 642 622 αρχιοτρατηρορ
656 560 829 622 nuncupetur.

174 678 190 738 .'
225 653 292 706 ibid.
310 647 422 716 circione
438 647 508 722 ἔχων
523 649 642 736 solleio]
668 653 691 706 si
710 653 798 738 plurap
814 654 963 740 pontilianus
978 652 1101 740 imagines
1117 675 1150 711 eo
1166 659 1261 743 vexillo

153 729 409 859 lt'ltltfltl
437 719 812 861 “ilrifvdllluiilllrilgll
828 724 942 847 llllt:
959 727 1261 862 tullcllbtlt!

154 859 237 924 uasti,
256 859 349 928 cyrilli
365 859 531 914 Alexandrini
545 867 573 912 et
590 857 693 914 Nicolai
710 861 840 929 Myreusis
857 862 951 916 ibidem
968 863 1065 933 positas
1082 863 1142 917 mibi
1154 883 1260 935 prorsus

153 928 285 982 indubium
301 935 357 994 cst;
378 935 406 982 et
422 935 493 982 certe
511 928 538 981 in
555 927 659 982 octifido
675 931 770 984 vexillo
789 929 925 998 eiusmodi,
949 949 996 1002 pro
1019 930 1127 1000 siugulis
1143 933 1260 989 nimirum

153 997 258 1066 lingulis
273 1014 366 1066 uuum,
382 1005 442 1052 octo
460 1015 553 1052 causeo
570 997 703 1070 depictus,
723 1005 750 1054 et
766 999 801 1052 ud
815 1001 914 1069 priores
932 1017 984 1054 uon
1001 1018 1090 1071 perum
1108 1003 1141 1054 ab
1160 1003 1199 1056 eis
1213 1022 1259 1056 cs-

151 1067 269 1190 ¹⁰me
293 1067 449 1137 Gregorlum
470 1067 676 1149 maumamrgum
697 1073 726 1125 et
749 1068 1011 1143 Hierosolymitunum
1035 1070 1159 1140 cyrillum
1181 1072 1260 1128 suum

151 1152 228 1192 seces
266 1153 307 1193 ss.

237 1225 303 1286 ibid.
325 1244 378 1284 uec
393 1227 484 1288 minus
496 1231 572 1286 errat
587 1226 702 1305 Iunius,
720 1247 785 1288 cum
794 1228 863 1287 illud
875 1228 1019 1311 ἴεραρχοῖν
1031 1229 1092 1288 vult
1105 1230 1181 1288 idem
1194 1249 1257 1290 esse
1301 1277 1318 1298 .

152 1309 233 1388 quod
248 1315 368 1390 princeps
391 1332 539 1388 sacrorum,
567 1313 649 1390 quasi
667 1313 772 1372 scilicet
792 1315 922 1394 princeps
937 1335 1079 1374 sacrorum
1095 1317 1169 1374 ferat
1188 1316 1257 1375 illud

152 1395 290 1456 vexillum.
332 1416 434 1474 nugae.
478 1417 544 1456 uam
568 1399 713 1478 ἱεραρχοῖν
730 1404 776 1458 est
796 1401 904 1478 patrius
928 1420 1008 1459 ausus
1028 1402 1135 1459 numeri
1161 1402 1258 1460 multi-

152 1483 259 1540 tudiuis
276 1502 293 1540 a
313 1489 391 1540 reato
412 1477 568 1565 ἱεράρχης,
592 1502 664 1560 quae
677 1503 731 1542 vox
746 1486 920 1564 praesulem,
943 1487 1107 1565 episcopum
1120 1505 1171 1544 seu
1182 1507 1256 1566 pou-

152 1567 255 1626 lificem
278 1569 404 1628 denotat
449 1565 606 1631 Νικολάου
627 1573 683 1631 τοῦ
702 1566 896 1650 περιωνύμου
913 1571 947 1632 ἐν
964 1568 1115 1650 ἷεροὶρχαις
1134 1569 1189 1634 τόν
1204 1595 1255 1634 ντε-

152 1655 279 1734 ρικαλλνί
305 1651 425 1716 τουτονὶ
443 1647 537 1730 ναόν,
566 1655 659 1730 iuquit
676 1655 822 1714 Cedrenus
844 1657 874 1714 in
897 1657 1014 1734 imperio
1036 1656 1143 1717 Basilii.
1184 1675 1254 1734 ergo

149 1737 291 1798 hierarcha
308 1739 476 1818 Cpolitauus
492 1745 554 1802 arat
575 1741 734 1819 patriarcba
745 1741 869 1808 eiusdem
882 1743 974 1819 urbis,
996 1761 1080 1820 quoru
1093 1742 1256 1821 imperatori

149 1823 295 1882 ilamrrlum
308 1843 359 1883 seu
372 1825 500 1886 vexillum
512 1831 710 1906 praeportesae
724 1827 787 1903 quis
801 1829 915 1906 coedet,
944 1829 999 1887 uisi
1020 1828 1133 1888 aliunde
1155 1829 1186 1888 id
1206 1827 1257 1885 lu-

147 1906 213 1968 nius
228 1909 353 1990 probati

221 2007 258 2060 ib.
274 2023 300 2061 v.
319 2007 346 2062 2.
363 2001 549 2077 doconddcos]
565 2001 661 2078 pisotm
711 2009 830 2078 ippodes»
844 2005 984 2061 hodiernus
1000 2007 1121 2076 loquendi
1131 2023 1191 2060 usus
1205 2002 1256 2061 ds·

149 2069 290 2130 ταττόδιον
311 2081 398 2130 vocnt.
431 2077 553 2131 vexillum
576 2077 637 2130 illud
655 2025 778 2131 afficeris
796 2077 892 2130 laciniis
913 2078 1020 2130 iuferius
1042 2076 1151 2130 divisum
1168 2071 1254 2129 ὅντά·

148 2147 287 2284 ρὲριορστυν,
308 2145 513 2217 polypodemque
529 2147 648 2202 scissuris
665 2149 796 2213 roisreos,
817 2143 991 2200 ὀκτακοδίου
1008 2160 1100 2212 nomen
1118 2146 1253 2216 accepite

148 2231 167 2270 v
214 2231 238 2274 ο.
474 2239 476 2244 ·
666 2250 667 2256 ,

218 2299 255 2354 s'b.
271 2317 297 2353 v.
314 2287 342 2356 3.
361 2295 480 2368 τταυρόρ
496 2297 566 2370 ἔχων
581 2296 704 2370 εἰκόνας]
724 2315 826 2355 crucam
841 2299 908 2352 benc
924 2299 951 2352 in
968 2299 1060 2354 castris
1076 2306 1105 2354 et
1121 2299 1253 2354 conflicti-

147 2369 197 2424 bus
213 2368 322 2422 delatum
339 2368 460 2422 eiusmodi
475 2371 585 2424 arbitror
600 2369 689 2454 quales
707 2369 734 2424 iu
751 2370 832 2423 sacris
848 2368 1010 2440 processibus
1026 2369 1070 2422 vel
1083 2367 1111 2422 iu
1135 2369 1253 2424 ecelails

146 2438 292 2493 adorandas
309 2455 348 2492 me
366 2439 529 2508 conspexisse
544 2439 654 2494 memmi.
689 2439 793 2506 ligneae
811 2444 871 2490 suut
893 2437 953 2491 illae
977 2439 1128 2507 (argenteas
1151 2440 1252 2492 aureu-

146 2525 200 2578 qus
215 2506 313 2560 luminis
326 2513 458 2560 contectas
474 2525 503 2560 ra
523 2510 602 2562 acius
618 2505 729 2562 Turcica
746 2505 913 2574 eliminavit),
929 2513 957 2560 et
973 2507 1006 2561 ad
1023 2523 1109 2560 earnm
1122 2517 1253 2561 extremos
1363 2529 1366 2535 ’

146 2593 233 2630 ramos
248 2577 365 2647 quamvis
390 2579 486 2649 amplus
504 2527 613 2632 latiores
636 2577 719 2630 adbuc
743 2577 895 2630 trifoliorun
918 2576 1018 2644 figurae
1041 2577 1198 2647 prominent,
1221 2577 1251 2629 in

147 2645 241 2716 quibus
266 2663 444 2716 nonuunquam
467 2656 557 2718 pectus
581 2653 608 2700 et
630 2647 711 2700 iacies
737 2655 859 2715 quattuor
880 2646 1094 2714 evangelistarum
1118 2647 1162 2699 vel
1190 2645 1251 2698 bins

145 2714 207 2769 iude
220 2715 340 2786 deiparae
358 2724 384 2768 st
401 2717 430 2768 S.
446 2715 549 2772 loannis
565 2716 706 2768 aliorumve
723 2713 802 2768 variis
816 2713 956 2780 coloribus,
979 2714 1107 2767 delineata
1128 2713 1198 2782 prius
1221 2712 1250 2767 iu

147 2783 232 2837 madio
250 2783 363 2836 crucifixi
388 2785 490 2853 specie,
510 2790 656 2838 exarantur.
691 2783 778 2852 quidni
793 2783 892 2854 pariter
908 2773 1022 2846 οὖτορὸ
1042 2777 1161 2850 σταυρὸς
1178 2779 1251 2852 ἔχων

147 2849 192 2922 (ἐν
208 2857 270 2916 ταῖς
286 2849 408 2920 ἀνοίαις)
424 2853 480 2906 τῶν
496 2847 585 2922 ἀρίαν
608 2849 747 2916 τεττάρων
772 2849 899 2920 μεγάλων
921 2850 1070 2921 μαρτύρων
1096 2847 1250 2919 ἐφαίνετορ

147 2939 250 2976 crucem
268 2923 368 2992 qualem
383 2921 425 2974 bic
438 2939 550 2975 memoro
567 2921 684 2992 depictos
699 2921 726 2974 in
741 2919 860 2973 iconibus
875 2935 924 2990 pu
939 2923 1021 2974 bocas
1036 2936 1102 2992 opus
1114 2921 1209 2974 colui
1218 2928 1249 2976 st

146 2992 203 3046 eius
220 2990 399 3046 commentaria
415 2992 512 3062 sparsis
528 2997 614 3060 gestat
631 2991 779 3062 patriarcba
797 2988 854 3044 ΟΡ.

216 3094 283 3152 ibid.
307 3092 469 3163 Δημητρίου
492 3093 657 3162 Προκοιτίου
679 3089 728 3148 καὶ
754 3086 933 3160 Θεοδώρου]
961 3089 1042 3144 οιτον
1064 3089 1143 3145 arnis
1164 3107 1250 3162 quon-

146 3161 204 3216 dam
228 3163 341 3232 insigues
365 3179 490 3216 armorum
516 3163 600 3217 socios
622 3172 650 3216 et
670 3161 698 3216 iu
718 3161 793 3216 bellis
817 3167 978 3230 protectores
1001 3159 1097 3231 Oriens
1113 3159 1250 3214 invocabat

145 3229 320 3299 Demetrium,
340 3231 507 3302 Procopium,
531 3232 717 3300 καλλινίκους,
743 3237 771 3286 et
791 3225 968 3299 Θεοδώρους,
993 3229 1113 3282 cedreno
1130 3230 1158 3282 in
1175 3229 1248 3284 Tse-

145 3307 224 3356 miscs
247 3303 334 3354 ducem
361 3317 435 3354 uuum
462 3309 488 3354 et
513 3302 588 3354 alium
614 3303 721 3356 tironem
746 3299 837 3354 dictos.
871 3298 968 3368 primus
990 3299 1136 3352 Demetrius
1158 3301 1250 3366 piap-

143 3367 292 3440 ντοορνξρηρ
312 3387 344 3422 ac
363 3387 471 3440 praeses
493 3369 643 3426 Thessaliae
669 3372 716 3424 sub
738 3369 894 3423 Maximiano
911 3373 1009 3434 martyr
1025 3368 1090 3420 obiit
1106 3368 1249 3422 ‘l'bessalo-

143 3440 233 3504 uioae,
255 3439 300 3492 ubi
325 3455 369 3492 cor
389 3455 418 3492 us
436 3442 492 3494 sius
510 3457 585 3493 sacru
603 3442 706 3510 liquore
722 3439 854 3493 exundans
871 3436 1002 3507 perpetuis
1018 3454 1122 3506 quoque
1137 3435 1249 3490 miracu·

142 3510 226 3564 lorum
242 3507 347 3562 scaturit
382 3509 473 3563 uentis.
509 3508 695 3580 aprolecturis
713 3507 740 3563 in
756 3506 880 3580 praelium
896 3507 1045 3570 invocetur,
1069 3522 1169 3574 suoque
1190 3506 1248 3559 bel-

142 3580 227 3632 lantes
244 3578 348 3631 adiuvat
388 3577 511 3644 raesidio;
537 3595 585 3631 nec
603 3579 630 3631 iu
648 3577 749 3632 dubium
766 3583 905 3631 revocatur
922 3575 990 3645 quod
1007 3574 1248 3628 Thessalonicensi-

143 3649 192 3702 bus
209 3647 341 3700 obsidione
356 3595 390 3699 αἱ
407 3646 527 3701 Alusiano
544 3647 713 3717 Balgarorum
730 3646 823 3701 cinctis
838 3653 1020 3713 unguentoque
1037 3645 1071 3697 ab
1088 3643 1145 3697 eius
1160 3645 1247 3713 sepul·

143 3733 190 3770 oro
207 3723 339 3770 emanante
354 3717 438 3770 unctis
456 3717 571 3769 contulit.
607 3719 736 3770 Romnuaa
759 3715 890 3769 adsiluit
906 3714 958 3766 dur
974 3721 1076 3780 martyr
1092 3714 1248 3773 Demetrius,

143 3786 182 3841 sit
199 3785 333 3840 Cedrenus
350 3785 377 3838 in
394 3785 522 3838 Micbaele
537 3786 719 3857 Paphlagone,
735 3786 837 3854 iterque
849 3781 1037 3852 complanavit,
1055 3782 1122 3850 quod
1140 3783 1248 3851 Bulgsri

143 3855 241 3977 ἰκριὶνί
257 3855 613 3976 ἰοιοιιιοᾶῗοιοοοοίὶτοιοὶοοι,
635 3853 859 3976 diceutesflvidispe
874 3869 904 3935 ου
920 3851 1037 3973 igvepeu:
1055 3851 1181 3973 equitent,
1194 3852 1245 3973 pul

143 3942 309 4048 oilli&
330 3940 576 4063 stltptllttc
590 3942 677 4047 {urii
693 3941 748 4046 itt
763 3937 934 4046 ttulit
947 3937 1022 4055 itt?
1037 3937 1176 4042 „tttlt
1197 3938 1245 4042 cil

142 4061 202 4116 dem
219 4063 240 4116 8
259 4063 381 4116 uexeriou
400 4061 493 4116 asserit
510 4061 568 4114 Iulii
584 4065 615 4116 8:
637 4062 744 4132 χαίροις
764 4055 913 4129 μαρτύρων
935 4055 1081 4128 καύχημα,
1109 4054 1245 4129 βασιλέοιν
1347 4106 1350 4114 ,

140 4079 306 4200 sporadum
325 4131 395 4184 cauit
411 4131 466 4186 eius
483 4133 550 4184 festo
567 4132 677 4185 ecclesia
692 4130 806 4184 Graecas.
839 4128 930 4182 tertius
941 4126 1151 4180 liritTireodorus
1160 4143 1243 4190 aspa-

140 4197 280 4276 τηὶιὶτνρρ,
294 4203 410 4272 equitum
426 4202 554 4274 magister
572 4202 619 4254 sub
636 4200 749 4266 Licinio,
766 4216 783 4251 a
800 4215 851 4269 quo
869 4205 976 4251 mortem
991 4197 1090 4250 illatum
1107 4195 1242 4248 sustiuuitr

141 4269 202 4322 exin
221 4269 391 4322 Romanorum
409 4271 485 4324 armis
503 4269 592 4324 lavere
607 4269 693 4340 coepit
709 4289 724 4324 a
742 4268 830 4331 coelo,
856 4283 888 4320 ac
904 4265 1006 4320 Ioannis
1022 4263 1158 4320 Tsimiscis
1174 4272 1243 4317 teur-

139 4355 210 4410 pore
224 4345 311 4394 mutae
329 4339 483 4410 Scytharum
496 4339 524 4394 iu
542 4340 659 4397 Graecos
675 4337 853 4411 praelimtimr
868 4334 965 4407 stragis
981 4341 1073 4392 metor
1088 4333 1158 4402 init,
1171 4332 1243 4388 atsi
