3092 4942
560 356 605 426 nl
623 356 772 424 GODlNI
785 357 875 428 ΜΡ.
892 361 934 428 V.
1103 401 1106 406 ·
1135 357 1154 429 '.
1217 357 1290 432 271

197 521 316 582 Menaeo
329 520 433 600 liquet,
454 525 569 582 notarios
584 520 773 600 appellabant.
801 523 903 583 notarii
924 522 1010 600 igitur
1032 521 1104 582 daos
1124 523 1195 584 istos
1209 529 1292 586 uota·

197 605 272 684 rios,
292 607 345 665 sab
361 607 532 666 Constantio
547 604 652 667 Adarso
667 608 836 685 imperatore
853 628 907 686 pm
928 609 985 666 fide
1004 609 1161 668 orthodoxa
1176 612 1292 686 οοοίαοα,

196 693 297 756 merito
306 693 526 772 venerabantur,
545 692 627 750 sicuti
646 693 745 752 medici
759 693 804 750 SS
824 693 957 778 Qasmam
970 698 1000 752 et
1017 692 1183 754 Damianum
1205 696 1293 754 medi·

197 795 254 836 cos.
275 779 327 835 sed
350 797 482 856 processu
506 777 640 854 temporis
670 777 900 854 superseminavit
924 779 1051 837 inimicus
1068 777 1153 839 homo
1175 781 1294 858 αἱαοοία,

189 863 272 920 ¹festo
295 864 498 940 propemodum
524 863 554 921 ia
576 861 760 920 Bacchanalia
777 861 822 921 sel
842 861 1009 943 Lupercalia
1033 882 1123 924 serso.
1151 885 1218 943 paee
1237 865 1294 923 aii-

199 947 305 1026 qaondo
318 948 422 1026 jieiant
444 951 475 1006 in
503 946 554 1007 SS
581 950 743 1006 notariorum
758 947 833 1026 festo
851 968 871 1007 a
889 952 1001 1007 notariis
1017 968 1114 1027 passos
1135 948 1295 1024 docentilrn,

198 1053 258 1092 cam
273 1035 386 1114 ‚scenicis
403 1034 521 1112 personis
541 1031 635 1112 saum
656 1033 825 1110 obeuntibus,
849 1040 912 1091 ante
940 1034 1042 1113 alipnot
1067 1053 1151 1092 annos
1176 1034 1296 1093 ατοὶεοε-

196 1122 260 1176 sant
286 1120 447 1176 sanctissimi
471 1114 547 1176 illias
575 1116 676 1176 domini
694 1115 787 1177 Ιαααα
802 1118 972 1196 patriarchae
998 1119 1108 1176 denoto.
1139 1118 1181 1177 ita
1196 1117 1296 1180 Balsa-

198 1220 266 1260 moa
288 1203 325 1259 ad
345 1204 388 1265 ¹62
416 1203 550 1261 canonem
573 1199 746 1260 Trullanum.
773 1203 873 1260 endan
898 1204 986 1262 ferme
1003 1203 1126 1260 invenies
1147 1203 1296 1265 ldluris

200 1285 441 1344 Graeco-Romani
454 1307 482 1366 p
497 1291 568 1350 223.
589 1287 690 1345 notarii
705 1306 775 1366 ergo
788 1306 890 1365 pueros
903 1289 988 1347 etiam
1000 1288 1148 1347 docebant
1168 1289 1214 1346 vix
1223 1288 1294 1347 fides
1309 1293 1333 1348 P
1349 1293 1403 1350 212

188 1371 237 1436 ¹de
253 1372 382 1450 palatinis
396 1377 426 1430 et
438 1371 642 1448 ecclesiasticis3
663 1391 749 1451 quare
770 1373 809 1434 ad
825 1371 895 1434 alios
916 1373 1041 1434 notarios
1057 1370 1179 1434 officium
1191 1392 1295 1456 pueros

200 1457 318 1516 docendi
330 1457 504 1518 referendum
519 1458 581 1518 erit.

283 1575 318 1640 ἑο.
339 1594 365 1633 v.
391 1575 439 1641 14.
467 1576 631 1636 vocabalum
646 1569 761 1656 scissae
775 1577 930 1656 generatim
949 1576 995 1635 hic
1009 1575 1149 1652 siguificat
1166 1580 1296 1636 κακκαν-

198 1677 259 1734 nes,
283 1660 342 1719 sive
359 1661 457 1739 oppidi
472 1663 531 1722 sive
548 1663 655 1722 fossati.
684 1663 769 1721 etiam
791 1659 923 1740 κάστρον
939 1662 1074 1739 singulari
1089 1681 1205 1721 numero
1225 1662 1296 1743 legi-

197 1763 270 1803 mus.
291 1746 495 1804 Constantinus
514 1747 614 1807 Thcm.
638 1748 748 1808 Orient.
772 1752 824 1812 10:
845 1742 978 1829 κάστρον
1001 1745 1082 1809 iasio
1097 1741 1295 1831 ὀχυρώτατον.

199 1823 408 1914 compossita&
439 1839 584 1892 cacanum
609 1839 716 1910 natos,
741 1832 970 1915 καατροκτίστης
998 1838 1146 1892 miscuas
1172 1838 1296 1909 nacor,

198 1917 406 1994 naccponsscla
419 1923 564 1978 sadracas
574 1921 697 1994 metatio,
712 1917 886 2006 escapinios
896 1918 957 1976 sive
969 1917 1139 1995 scorpiaces
1156 1923 1295 1976 emicans.

198 2000 298 2059 iisdem
321 2001 352 2058 in
372 2021 426 2060 usu
448 2009 517 2063 sunt
538 1997 708 2077 acicseitos,
734 2001 921 2080 nacciiisoc,
949 1999 1075 2082 καστὲλη
1099 2021 1152 2079 pro
1178 2001 1295 2062 castellis

199 2105 249 2142 seu
263 2089 447 2147 manicantes
462 2095 491 2147 ct
509 2109 561 2168 pro
579 2089 678 2168 oppido.
698 2088 763 2147 hinc
782 2089 934 2148 castelliani
952 2086 1053 2146 milites
1072 2085 1192 2146 castellis
1205 2087 1296 2167 impo-

199 2171 254 2230 siti.
275 2175 454 2236 cancellosis
466 2174 557 2233 locum
571 2174 691 2252 aliquem
700 2174 820 2233 munire.
1032 2197 1036 2203 ·

267 2286 333 2340 thid.
362 2283 478 2355 κάατρα]
513 2287 631 2340 civitates
664 2289 795 2342 moenilsss
825 2285 940 2341 nasicas
970 2285 1150 2372 interpretare.
1194 2285 1296 2340 Gedra-

187 2367 247 2407 nas
262 2354 289 2408 in
306 2354 434 2408 Michaels
448 2355 630 2425 Paphlagonas
657 2353 835 2426 Παγκράτιος
850 2351 883 2408 di
900 2351 916 2407 si
931 2349 1073 2425 Ἅβαογος,
1085 2351 1231 2424 ‘Parnasis
1245 2349 1298 2410 sic

203 2418 316 2492 βασιλέα
332 2424 424 2492 δῆθεν
440 2417 556 2478 ἐκδικῶν
581 2421 618 2488 ὥς
638 2427 720 2480 θεῖον
742 2429 791 2495 τῆς
813 2422 943 2494 γυναικὸς
965 2419 1068 2489 αὐτοῦ,
1096 2420 1149 2494 τήν
1171 2442 1200 2480 se
1223 2417 1295 2491 apsis

185 2488 349 2562 ,-“Ρωμαίοος
364 2488 480 2562 εἰρήνην
495 2488 633 2548 ἀπείπατο
650 2493 697 2548 nal
713 2489 748 2550 coi
765 2491 864 2565 πρῴην
880 2488 1005 2546 δοθέντα
1022 2487 1128 2559 niceae
1144 2491 1193 2548 acl
1206 2487 1296 2561 φροοίι

201 2578 249 2628 ρια
265 2557 444 2630 ἀνεκτήσατο.
479 2563 596 2628 Barium,
614 2563 744 2632 Capuam,
768 2563 942 2616 Beneventum
958 2572 1096 2615 sumserat
1111 2563 1138 2614 in
1157 2562 1297 2632 superiori-

200 2629 250 2682 bus
266 2627 380 2698 κᾶστρα.
415 2631 488 2683 huius
504 2632 595 2684 mentis
614 2634 697 2686 iuerat
715 2633 748 2684 ah
765 2635 870 2700 antiqno
887 2632 957 2684 eirca
971 2648 1062 2683 socam
1085 2631 1151 2683 hanc
1173 2631 1296 2683 lastinia-

201 2714 249 2750 nus
265 2699 335 2752 Nov.
354 2701 418 2754 128:
444 2697 490 2753 scal
514 2695 580 2762 τοὺς
594 2693 625 2758 ἐν,
642 2704 704 2762 sais
720 2693 792 2768 ἐπαρ
808 2700 864 2761 icas
880 2694 965 2760 ὄντας
980 2693 1119 2766 ἄρχοντας
1132 2695 1294 2761 nohcsscs‘c
1316 2719 1319 2728 ·

201 2784 232 2822 cs
248 2765 297 2822 nal
311 2762 523 2836 cspcsscsnsosle
539 2762 570 2822 is
585 2771 647 2832 ταῖς
663 2765 773 2824 πόλεσιν
790 2719 854 2838 ileos
869 2764 1008 2836 κάπροις.
1086 2827 1090 2834 ,

286 2893 313 2952 p.
328 2872 369 2936 42
382 2895 408 2934 v.
423 2881 452 2940 2.
473 2879 623 2951 satamon,
644 2876 721 2950 quod
738 2881 784 2933 est
797 2877 926 2945 tricenis,
944 2877 977 2930 ut
991 2873 1021 2929 in
1040 2873 1103 2950 ipso
1119 2872 1232 2932 Codino
1247 2889 1297 2930 ex-

186 2959 330 3038 ponitur,
348 2977 381 3017 ex
400 2956 504 3018 Arabia
517 2979 534 3017 a
547 2959 627 3019 Iunio
642 2960 802 3018 advocatur.
824 2958 929 3033 uhiqae
945 2957 1073 3014 ninshmn
1093 2959 1137 3015 sai
1157 2957 1296 3015 Arabismi

201 3045 353 3125 specimina
366 3044 433 3102 edit
451 3065 499 3104 cur
511 3063 570 3103 non
582 3064 617 3104 cx
629 3038 706 3108 nasci
719 3051 749 3104 et
763 3044 851 3130 ἔργον
863 3042 1049 3122 compositam
1063 3040 1122 3100 citt

286 3163 321 3224 ib.
345 3183 370 3222 v.
389 3163 418 3224 7.
437 3157 653 3244 toyycpsacsn'v
666 3161 744 3220 aulae
759 3163 799 3220 ait
808 3161 906 3219 Iunias
918 3179 980 3219 esse
994 3157 1072 3219 illum
1088 3160 1135 3236 qni
1149 3157 1237 3217 Gallis
1251 3162 1297 3217 est

203 3265 316 3324 magnas
329 3247 566 3324 contremiscimus,
587 3242 819 3330 αλογοριᾶζειν,
842 3248 919 3324 qaod
933 3252 977 3304 est
992 3253 1148 3325 conputare.
1204 3323 1206 3327 Ι

287 3367 323 3429 ib.
338 3383 364 3424 v.
382 3368 428 3428 12.
455 3366 707 3454 peyutoctoyisas]
738 3365 835 3427 Iunius
862 3366 1063 3446 interpretatur
1088 3365 1192 3440 nugs&
1222 3365 1297 3441 apsis

203 3455 320 3525 ctesias,
339 3456 444 3527 magnis
459 3457 531 3532 equis
541 3459 701 3531 pagasantes.

271 3565 335 3618 illd.
352 3567 531 3635 cataphractos
554 3567 654 3636 equitas
676 3565 806 3636 existimo,
841 3567 887 3638 qni
908 3583 1012 3620 numero
1037 3569 1064 3619 et
1083 3563 1196 3636 poudem
1211 3577 1296 3616 maro-

203 3651 260 3688 rum
274 3651 368 3702 graves
383 3637 480 3704 magnis
499 3643 526 3690 at
541 3636 651 3690 lectibus
667 3637 740 3707 equis
756 3653 821 3706 opas
836 3638 970 3690 haherent.

219 3769 222 3779 -
271 3737 335 3790 ilici.
350 3733 541 3808 τρικάβαλλοι]
557 3724 726 3793 tsimnc‘cisios
743 3737 841 3808 antiqui
860 3739 928 3791 Galli
944 3737 1075 3800 dixissent,
1093 3734 1136 3804 qai
1147 3733 1230 3787 trihus
1243 3732 1298 3785 sin-

203 3806 257 3875 guli
279 3812 384 3858 utantur
407 3807 485 3874 equis.
520 3810 659 3862 Pausanias
683 3806 775 3860 Gallos
798 3815 828 3861 ut
849 3809 887 3860 ita
910 3806 991 3859 dicam
1015 3800 1214 3876 τρικαβοίλλοος
1231 3801 1298 3854 dues

203 3877 305 3929 Brenno
326 3874 352 3926 in
373 3875 489 3928 Graecos
512 3884 600 3930 euntes
617 3875 754 3945 descripsit
774 3876 793 3928 l.
811 3880 855 3929 10.
884 3881 975 3944 snare,
998 3875 1095 3944 inquit,
1118 3890 1199 3941 snpra
1222 3888 1299 3924 sesa·

204 3945 283 4016 ginta
295 3945 410 4014 equitans
420 3945 497 3996 scilia
508 3947 620 4014 amplias
635 3947 707 3998 mille
722 3946 836 3997 ducenti.
869 3963 933 3997 nans
948 3947 1068 4015 singalas
1085 3945 1181 4012 epaites
1191 3942 1242 3993 dac
1250 3945 1299 4008 sa-

204 4015 270 4067 nsali
282 4014 452 4082 sequebantur
465 4013 494 4066 in
510 4017 596 4084 span,
619 4022 645 4066 et
663 4014 715 4083 ipsi
731 4015 885 4081 epaestss'asn
903 4016 1000 4066 nstiasn
1017 4014 1128 4068 nasicae
1145 4010 1235 4080 gnari.
1270 4008 1301 4060 iss‘

203 4083 392 4152 praeliantibus
403 4083 513 4136 dominis
522 4086 551 4136 in
562 4085 675 4137 extrema
687 4083 742 4136 acie
754 4084 916 4137 carnistentes
928 4084 953 4136 ei
964 4091 1038 4136 erant
1054 4083 1115 4134 asni
1122 4121 1130 4145 ‚
1147 4088 1176 4133 nt
1191 4079 1215 4131 si
1225 4081 1301 4145 forte

205 4171 285 4221 epaas
302 4160 366 4205 esset
381 4155 502 4214 amissas,
520 4155 610 4207 statim
628 4169 702 4204 sanas
718 4152 913 4216 submitterent,
932 4154 955 4207 si
970 4155 1013 4205 cir
1029 4151 1193 4211 concidisset,
1211 4163 1300 4200 sacas

205 4223 234 4274 iss
246 4217 300 4274 elas
312 4223 394 4273 locans
409 4224 568 4276 succederet:
588 4222 679 4292 quodsi
702 4228 840 4288 atramque
859 4223 921 4274 helii
945 4222 1056 4290 impetus
1075 4219 1223 4282 evertisset,
1243 4216 1300 4290 iasss

202 4297 310 4360 praesto
321 4297 378 4342 erat
388 4294 494 4362 tertias,
513 4294 559 4363 qai
569 4310 616 4362 pro
628 4291 736 4343 mortuis
747 4291 830 4343 locam
841 4297 946 4345 teneret.
979 4301 1057 4359 atqua
1073 4289 1140 4340 hanc
1155 4284 1299 4337 institutio-

204 4376 263 4414 nem
289 4373 355 4414 socc
371 4360 454 4430 patria
470 4363 655 4418 trinorciss'ans
671 4359 816 4414 nommants
841 4375 932 4431 equum
949 4361 1015 4414 anim
1027 4373 1144 4414 naseam
1159 4353 1299 4426 appellant.
