3092 4942
274 309 298 382 4
591 309 740 376 GODINl
766 307 1065 378 CUROPALlTlE

277 489 428 566 οἷκονομεΐ
444 488 488 571 τῷ
507 481 641 570 ἀρχιερεῖ
652 486 701 548 καὶ
718 491 755 570 τῇ
770 483 922 574 έκκλησέρ.
1025 479 1151 567 ὃμέγας
1166 475 1373 566 σακελλάριος,

277 594 396 676 κρατῶν
413 586 451 651 τά
469 585 591 672 ἀνάρῷα
606 587 654 652 καὶ
671 597 824 670 γυναικεῖα
837 582 1045 672 μουιιστῆρια,
1071 584 1147 669 έχων
1161 581 1314 670 ἀπουρχὸν
1333 587 1374 658 εἷς

277 698 366 756 τοῦτο
392 690 444 754 τὸν
469 687 601 776 άρχοντα
624 697 684 754 τῶν
705 691 925 776 μοναστηριίιιν.
1028 685 1156 772 ὁμέχας
1171 684 1373 773 σκευοφάλαξ,

278 799 398 882 κρατῶν
422 792 460 856 τὰ
482 789 573 876 σκεάη
593 798 650 876 τῆς
669 794 837 876 ἐκκλησίας.
939 787 1184 876 ὅχαρτοφάλιέξ,
1203 795 1322 876 κρατῶν
1334 790 1373 854 τὰ

241 907 266 962 D
282 896 512 980 έκκληλιιαοτικιλ
529 902 657 983 χαρτῷα
677 894 868 978 δικαιώματα
875 942 886 973 ,
912 894 1018 977 κριτὴς
1034 900 1094 958 τῶν
1107 891 1186 958 ὅλοιν
1199 890 1399 957 ὖποθέσεοινᾶ

255 1008 341 1090 ,τῶν
362 1002 632 1082 έκκλησιαστικιῖιν,
658 995 734 1080 έχων
757 998 814 1075 τάς
835 998 967 1083 χαμικάς
987 994 1165 1074 ἀποθέσεις,
1191 994 1271 1059 ἀλλά
1283 998 1377 1060 soils

280 1113 346 1178 ταῖς
359 1109 477 1178 λοιπαῖς
489 1106 550 1166 τῶν
562 1107 711 1186 κληρικῶν
728 1097 910 1166 ὑποθέσεσιν
921 1099 1038 1176 έκάικος
1051 1097 1093 1176 ὥς
1106 1098 1192 1176 δεξιὰ
1204 1104 1259 1162 τοῦ
1274 1098 1377 1184 ἀρχιε-

280 1208 356 1291 ρέως
377 1207 454 1290 χείρ.
556 1200 573 1267 ὃ
598 1207 777 1284 σακελλίου,
802 1211 921 1290 κρατῶν
944 1203 1001 1279 τὰς
1025 1201 1195 1278 καθολικάς
1219 1202 1379 1277 ἐκκλησίας

280 1313 331 1374 καὶ
353 1308 387 1373 τὸ
410 1305 540 1370 cautior·
644 1304 660 1371 ὁ
681 1309 883 1394 πρωτέκδικος
901 1308 943 1382 εἰς
958 1305 993 1370 τὸ
1008 1302 1290 1387 ἀντιλαμβάνεσθαι
1307 1303 1378 1380 τοὺς

282 1407 510 1494 αἰχμαλώτους,
539 1409 589 1472 καὶ
606 1411 710 1497 κριτὴς
725 1419 785 1475 τῶν
802 1413 1027 1496 ἓγκληματικῶν
1040 1407 1226 1473 ὑποθέσεων.
1386 1413 1421 1468 10

387 1535 480 1610 Οὗτοι
504 1541 655 1631 κάθηνται
677 1549 709 1612 ἓν
728 1552 768 1634 τῇ
789 1547 861 1639 θιέρ
890 1548 941 1610 καὶ
972 1545 1039 1635 ἱερᾷ
1068 1539 1186 1634 συνόδῳ
1215 1539 1294 1627 μετὰ
1324 1545 1380 1608 τοῦ

281 1648 453 1735 ἀρχιερέως.

382 1815 430 1882 Ἦ
446 1817 572 1907 δευτέρα
591 1817 710 1896 πεντάς.
746 1816 762 1884 ὃ
786 1813 1027 1906 πρωτονοτάριος
1047 1813 1133 1904 θάρα
1150 1823 1211 1881 τῶν
1228 1815 1380 1890 iimreca·

209 1922 407 2000 ΡΒκοιλοιν,
436 1924 550 1999 καλεῖς
570 1921 609 1986 aci
629 1920 780 1986 πιστάκια.
882 1919 898 1987 ὁ
925 1921 1090 2005 λογοθέτης
1113 1924 1155 1995 sig
1175 1917 1211 1983 τὸ
1233 1923 1380 2001 λογογρα-

283 2036 366 2112 φεῖν,
386 2029 436 2089 καὶ
457 2028 499 2103 εἰς
516 2024 573 2103 τάς
590 2024 779 2108 ἀημοσιακάς
794 2027 845 2091 καὶ
861 2023 1042 2112 ἀρχουτικάς
1057 2019 1218 2095 ὑποθέσεις
1231 2025 1379 2102 λογογρα-
1389 2029 1422 2083 15

284 2138 360 2214 peis.
462 2125 479 2191 ὃ
512 2131 702 2215 κανστρέσιος
730 2132 772 2202 εἷς
792 2127 827 2192 τὸ
851 2127 1012 2211 κανστρέον
1031 2125 1144 2198 καλεῖς
1163 2122 1200 2187 τὸ
1220 2117 1381 2185 ἀλλάσσειν

282 2230 335 2293 τὸν
362 2229 512 2316 ἀρχιερέα.
614 2228 630 2294 ὃ
654 2226 885 2316 ῥεφερενδάρως
904 2232 947 2304 εἰς
963 2226 999 2291 τὸ
1015 2225 1256 2291 ἀποστέλλεσθαι
1273 2226 1314 2300 εἰς
1327 2223 1380 2288 τὸν

280 2333 410 2413 βασιλέα
427 2334 478 2396 καὶ
494 2333 536 2406 εἲς
548 2330 644 2414 μέγαν
657 2329 802 2416 ἄρχοντα.
824 2341 828 2348 ’
903 2327 920 2397 ὃ
942 2323 1268 2416 ἀπομνηριατοχράφων
1286 2329 1328 2404 εἷς
1345 2324 1380 2391 τὸ

282 2432 410 2552 γράφειν
425 2433 465 2498 τά
478 2431 692 2516 ὑπομνήματα.
742 2501 743 2504 ¹

352 2628 387 2682 16
402 2626 575 2696 καοτρίυοιος
590 2625 631 2699 Β,
647 2615 847 2698 κοινοτρήνοιορ
859 2629 907 2683 alii

281 2815 358 2872 quem
376 2798 502 2854 eudesius
516 2789 568 2854 lrac
585 2800 613 2854 in
629 2818 660 2855 re
676 2802 843 2873 dispensator
857 2808 909 2857 est.
1012 2817 1119 2870 magnus
1134 2797 1286 2853 sacellarius
1303 2795 1384 2850 babet

281 2885 330 2923 sua
351 2869 380 2921 in
403 2877 535 2939 potestate
558 2869 674 2924 virorum
695 2881 723 2924 et
745 2871 882 2926 mulierum
898 2871 1071 2939 monasteris,
1097 2877 1125 2923 et
1142 2872 1176 2923 ad
1194 2869 1245 2922 boc
1264 2867 1382 2920 ministro

280 2955 328 2991 seu
353 2938 472 2991 adiutore
497 2939 579 2992 utitur
597 2941 732 3009 praefecto
749 2941 975 2994 monasteriorum.
1079 2956 1188 3008 magnus
1205 2935 1382 3006 sceuophylax

281 3023 330 3060 seu
356 3023 479 3061 vasorum
505 3017 592 3062 custos
617 3026 664 3063 sus
685 3011 713 3062 ilr
730 3017 864 3080 potestate
880 3010 960 3062 babet
975 3008 1104 3062 ecclesias
1121 3025 1185 3062 vase
1202 3025 1249 3060 seu
1267 3004 1384 3073 supelle-

192 3111 196 3120 c
281 3076 378 3129 utilem.
483 3076 673 3148 chartophylax
690 3079 794 3132 tabulas
811 3078 892 3132 babet
907 3079 1060 3132 chartaceos
1076 3079 1110 3132 ed
1126 3079 1187 3130 iura
1204 3073 1383 3129 ecclesiastica

281 3146 445 3217 pertinentes
474 3147 545 3212 (hoc
568 3157 624 3215 est,
650 3147 741 3220 literas
764 3148 861 3217 quibus
885 3147 1026 3218 privilegia
1051 3154 1079 3200 et
1100 3146 1152 3200 alia
1173 3147 1231 3197 iura
1254 3141 1383 3195 ecclesiae

281 3214 467 3279 continentur)
486 3222 513 3266 at
530 3223 572 3268 est
587 3217 667 3269 iudex
683 3217 795 3272 omnium
812 3233 947 3271 musarum
964 3215 1212 3280 ecclesiasticarum,
1230 3219 1258 3264 et
1274 3216 1384 3263 contro-

282 3281 379 3334 versiis
402 3281 633 3337 matrimonialibus
659 3288 847 3354 cognoscendis
865 3287 899 3340 ad
915 3285 1068 3339 dirimendis
1108 3282 1233 3336 raesidet·
1267 3279 1332 3361 quin
1354 3284 1384 3331 et

281 3350 311 3403 iu
335 3349 430 3402 ceteris
455 3350 607 3406 clericorum
631 3353 721 3408 litibus
745 3356 825 3409 iudex
849 3365 905 3423 est,
934 3362 1059 3422 tauquam
1083 3303 1193 3404 dextera
1213 3347 1384 3417 »petentebus

280 3435 383 3472 manus.
486 3422 636 3488 praefectus
660 3423 749 3475 sacelli
771 3442 819 3478 sua
841 3424 870 3478 in
891 3430 1025 3496 potestate
1041 3422 1121 3476 babet
1138 3418 1281 3473 catholicas
1298 3415 1383 3470 ecole-

280 3488 334 3541 sias
352 3493 380 3540 et
396 3486 529 3542 sacellum.
631 3491 777 3558 protecdici
798 3509 889 3546 munus
913 3494 946 3545 ad
968 3507 1055 3544 curem
1075 3489 1241 3558 captivorum
1262 3484 1383 3538 extendi-

281 3562 343 3680 turp
366 3563 394 3610 st
417 3563 458 3610 ast
480 3556 556 3612 simul
579 3557 658 3612 iudex
676 3562 788 3614 omnium
804 3560 1039 3633 querimoniarum,
1064 3576 1132 3629 quae
1149 3558 1183 3612 ad
1200 3557 1285 3612 iorum
1306 3554 1381 3608 dels-

281 3641 331 3678 ruu
344 3641 385 3678 ur.

350 3712 401 3766 Isti
418 3712 513 3768 sedent
528 3711 557 3766 ln
573 3729 649 3767 saura
666 3713 792 3768 concione
809 3732 866 3770 cum
884 3712 1044 3795 patriarcba.

349 3831 486 3886 Secundus
510 3830 656 3900 quinarius.
685 3834 881 3902 protonotarius
904 3833 999 3887 ostium
1020 3837 1063 3884 est
1086 3836 1115 3884 et
1130 3830 1217 3885 aditus
1234 3831 1268 3883 ad
1285 3845 1383 3883 exoca-

269 3901 412 3968 .tacoelos,
431 3907 589 3971 praeestqua
603 3902 721 3970 pittaciis
736 3903 917 3956 conficiendis.
1020 3900 1155 3969 logotheta
1171 3906 1278 3970 praeest
1293 3900 1384 3952 discu-

280 3967 378 4022 tiendis
396 3977 424 4022 et
440 3968 635 4024 conscribendis
648 3971 810 4040 rationibus,
831 3977 884 4025 tam
900 3987 966 4040 quas
983 3972 1098 4024 reddunt
1112 3967 1157 4037 qui
1172 3987 1205 4021 ex
1218 3966 1295 4038 plebe
1306 3984 1385 4036 quam

279 4037 327 4106 qui
354 4054 387 4090 ar
411 4039 504 4091 ordine
520 4039 697 4094 ecclesiastico
714 4040 865 4110 principali.
969 4039 1123 4093 constrisius
1141 4038 1256 4091 canistm
1275 4037 1384 4108 praeie-

279 4115 338 4160 ctus
354 4113 403 4172 est,
422 4115 448 4159 et
466 4107 641 4177 patriarchae,
658 4109 719 4162 dum
734 4111 853 4163 vestibus
869 4107 953 4162 sacris
968 4109 1094 4173 induitur,
1112 4106 1206 4163 servit.
1308 4106 1384 4158 reie-

278 4175 396 4228 rendarii
416 4193 506 4229 munus
533 4184 574 4230 est
599 4186 628 4230 ut
651 4177 770 4232 mittatur
795 4180 828 4231 ad
850 4179 1035 4246 imperatorem
1058 4175 1142 4228 etad
1164 4191 1284 4244 maguum
1306 4174 1383 4243 prin·

277 4242 388 4366 pp'plppm
405 4245 523 4368 ”capul
535 4262 551 4300 s
565 4246 757 4304 commmtsriis
771 4256 828 4320 est,
846 4245 994 4304 scribendis
1007 4244 1200 4300 commentariis
1213 4245 1271 4300 sive
1284 4260 1382 4299 memo-
