3092 4942
312 312 387 386 266
464 297 673 380 GRETSERI
689 309 746 377 ET
763 305 898 376 coam
911 305 1243 375 COMMENTARIUS

394 499 422 561 p.
433 479 474 547 87
485 499 510 538 v.
525 481 571 542 11.
593 476 734 560 palaneto]
754 474 853 534 Iunias
864 466 1053 551 ἆπελατίκια,
1068 480 1098 536 et
1111 474 1312 554 interpretatur
1324 496 1409 556 prae-

311 567 405 644 loogas
420 567 573 626 lastasss'oe
589 569 691 636 contos,
714 582 777 640 quos
799 565 914 619 sarissas
935 567 1031 620 eccard
1050 560 1222 620 Macedones.
1243 561 1295 620 sed
1312 561 1410 639 legen-

309 653 378 710 dnm
399 652 557 712 asleslrssa.
579 647 749 726 probabilius
777 650 965 704 commentum
989 647 1104 723 suisset,
1126 646 1152 704 ai
1171 645 1226 705 hoc
1246 666 1348 704 nomen
1370 645 1408 706 ab

311 729 470 796 ἀπελαύνω
488 735 663 813 deduxisset,
681 733 762 810 quasi
782 731 880 790 nasas
894 731 1042 808 abigendis
1061 730 1220 790 bominibus
1241 751 1275 790 ac
1287 731 1350 790 viae
1362 732 1409 790 fa-

308 822 558 879 dendroidoneas.

377 916 441 974 ibid.
472 914 614 970 oslaclsscc
643 913 761 970 militaria
785 913 838 984 pila
860 912 952 984 qm'bus
976 911 1099 966 vexillula
1129 911 1186 966 sira
1211 911 1289 966 uilia
1313 909 1408 966 vexilla

307 991 369 1038 sunt
383 986 471 1043 affixa.
490 985 555 1037 banc
567 983 748 1053 expositionem
762 989 852 1038 auctor
862 982 980 1052 suggerit
996 986 1121 1065 aequente
1135 980 1262 1065 capitep
1280 981 1315 1064 {3
1333 981 1368 1036 15
1380 989 1408 1034 et

308 1054 451 1194 ἷοῃὸυἷέί.
469 1053 513 1108 alii
532 1052 618 1107 clarae
633 1059 768 1124 argenteas
783 1057 811 1106 st
826 1068 917 1106 aureas
932 1050 1087 1124 princeprbus
1109 1051 1234 1122 praelern
1250 1051 1339 1104 solitas
1358 1067 1407 1103 ex·

395 1212 432 1274 s'b.
453 1229 480 1271 v.
504 1213 551 1274 13.
571 1209 687 1290 cappas]
709 1211 841 1290 cuppasia
861 1231 880 1272 a
901 1231 989 1291 cappo
1008 1210 1133 1269 famant
1154 1207 1276 1266 iuniores
1296 1207 1405 1266 Graeci

310 1297 458 1356 Germanis
477 1300 520 1355 es'n
539 1297 656 1375 ioppen,
679 1316 731 1376 pro
751 1299 874 1376 tegmine
893 1298 1001 1376 capitia.
1021 1313 1075 1354 nec
1093 1291 1192 1352 dubito
1210 1311 1307 1351 vocem
1319 1312 1406 1372 cuppa

309 1401 363 1460 pro
384 1382 458 1460 pileo
479 1383 613 1458 originem
633 1383 733 1440 ducere
756 1382 896 1442 elatine
919 1387 1008 1460 caput.
1028 1380 1179 1456 aliquando
1198 1397 1289 1456 cappa
1308 1383 1406 1436 assuta

310 1473 355 1524 est
376 1468 462 1543 vesti,
490 1473 523 1525 ut
542 1472 660 1544 apparet
679 1467 709 1526 in
728 1468 852 1526 vestibus
875 1465 1053 1542 monasticis,
1079 1472 1110 1522 et
1137 1462 1191 1524 toti
1211 1463 1283 1521 vecti
1302 1480 1406 1522 nomen

309 1551 398 1608 indit:
434 1552 586 1629 aliquando
617 1553 827 1612 aveatimeuto
854 1553 997 1635 adunca,
1031 1551 1121 1610 instar
1150 1549 1336 1608 communium
1360 1547 1404 1626 pi-

189 1685 192 1690 .
246 1649 251 1660 “
307 1635 423 1693 leorum.

376 1734 440 1786 s'ts'd.
471 1733 555 1802 pileus
577 1733 678 1803 quidem
702 1739 743 1788 act
768 1729 927 1802 musiacas,
963 1735 993 1786 at
1013 1749 1065 1785 nec
1091 1748 1176 1802 coppo
1210 1745 1261 1782 nec
1284 1728 1405 1792 cucullio,

310 1799 356 1854 sed
375 1803 419 1871 qui
442 1819 502 1856 oras
520 1803 715 1888 cucumpuaque
736 1803 867 1873 expendit
902 1802 991 1857 Simon
1012 1799 1115 1854 Fortius
1138 1818 1170 1852 ex
1191 1815 1238 1852 are
1258 1797 1406 1873 attestantis

309 1869 393 1938 vulgis
414 1869 520 1925 nendos
541 1889 658 1940 uuoococ,
676 1867 810 1940 alcorano,
826 1871 930 1942 πίλημα
949 1879 999 1928 etc.
1018 1872 1142 1941 galerus,
1164 1868 1270 1935 samia,
1291 1875 1405 1935 petasus,

307 1941 393 2062 pileus
410 1947 459 1996 etc.
493 1939 552 1994 vide
570 1947 686 2011 petasum
707 1940 756 1994 dici
775 1941 820 2010 qui
836 1941 957 2011 expausis
969 1940 1021 1993 oris
1033 1941 1157 2008 praebeat
1169 1937 1338 2006 undequaque
1349 1951 1404 1987 um·

326 2025 389 2062 ram.
425 2009 564 2062 huiuamodi
583 2027 644 2063 vero
663 2010 742 2064 fuisse
758 2010 786 2063 in
804 2027 852 2064 usu
869 2009 995 2064 nonnullis
1011 2004 1289 2072 marcescamus,
1311 2004 1404 2058 docent

306 2078 467 2131 cardinalium
484 2079 570 2149 pelusi
587 2087 614 2134 et
633 2083 736 2149 antiqua
752 2079 877 2151 pictonum
892 2079 999 2132 heroam
1016 2083 1187 2130 momenta.

391 2184 427 2242 lb.
447 2202 474 2241 v.
496 2181 544 2245 14.
565 2182 665 2242 loricas
678 2185 814 2265 celldara.
834 2179 1048 2264 adelitiam,
1065 2176 1240 2261 κλιβάνων,
1260 2180 1404 2254 olibam,

306 2267 398 2328 lorica.
427 2265 489 2325 Leo
504 2268 660 2326 Constitui.
682 2273 719 2332 6:
748 2268 777 2331 el
796 2265 926 2332 deversio
951 2265 984 2331 dl
1007 2264 1058 2328 scal
1078 2261 1222 2344 θώρακας
1242 2262 1335 2343 ἔχειν,
1357 2264 1404 2326 οἵ·

304 2373 383 2422 τινες
394 2355 552 2412 καλοῦνται
572 2357 630 2414 νῦν
644 2347 794 2432 clusiolum.
819 2355 884 2413 vide
906 2352 1072 2431 Rigalu‘um.
1107 2350 1266 2410 Alexander
1283 2351 1406 2408 &vaur

254 2447 257 2454 ⁴
305 2435 382 2511 apud
406 2433 609 2513 Lampridium:
637 2438 879 2516 cataphractarios,
909 2459 974 2517 quos
997 2437 1093 2496 Persae
1116 2437 1277 2495 clibaamios
1295 2441 1403 2508 odam,

304 2519 391 2578 desem
405 2521 482 2579 milio
494 2524 524 2579 s'ss
537 2519 602 2579 bello
612 2523 803 2596 intererimus,
824 2542 911 2582 arasa
925 2526 1007 2582 anob
1023 2527 1125 2581 nostros
1143 2525 1313 2580 minus.
1334 2519 1404 2577 Am-

304 2604 412 2662 mianus
433 2603 452 2662 l.
478 2606 532 2667 16:
551 2608 687 2684 sparsique
705 2607 873 2686 cataphracti
887 2611 1001 2686 equites,
1021 2627 1084 2686 quos
1099 2607 1259 2666 clibanarios
1274 2605 1404 2664 dictitant

306 2688 421 2765 Persae,
442 2691 579 2749 tderacsssn
591 2694 688 2751 muniti
702 2693 859 2768 tegminibus
880 2698 906 2751 ct
921 2692 1111 2772 lindisfarne
1132 2695 1228 2768 cincti,
1248 2697 1280 2750 at
1296 2689 1403 2750 Praci-

305 2775 366 2834 tels‘s
381 2794 461 2836 muna
469 2776 557 2854 polita
572 2776 684 2836 crederes
698 2776 862 2853 amaena,
879 2798 930 2837 noo
942 2783 1021 2837 oisos.

374 2897 439 2953 ibid.
475 2898 529 2951 Leo
548 2898 659 2951 constit.
691 2897 723 2953 52
745 2895 876 2971 κλιβάνια
900 2899 1002 2967 σιδηρᾶ
1027 2890 1047 2966 ἢ
1067 2895 1117 2952 sal
1143 2891 1174 2956 li
1203 2888 1300 2962 ἑτέρας
1322 2889 1399 2964 ὅλης.

307 2973 368 3020 suot
379 2967 467 3037 itaque
485 2968 528 3020 vel
545 2969 627 3019 bellici
646 2968 779 3032 thoraces,
799 2968 841 3020 rel
857 2969 1060 3036 superindueuda
1074 2967 1221 3021 thoracibus
1239 2983 1315 3034 saga,
1334 2982 1405 3034 quae

305 3031 400 3088 ἐπάνω
421 3034 539 3104 κλίβανα
555 3037 617 3088 dicit
631 3036 739 3089 Nicetes
756 3036 881 3090 Manualls
900 3037 961 3095 l.6.
994 3036 1036 3090 uic
1053 3042 1152 3091 vectem
1167 3036 1284 3089 lconlbus
1297 3033 1402 3105 pictam,

304 3121 356 3157 uon
375 3112 541 3171 armaturam,
559 3105 665 3176 quilibet
680 3104 808 3176 intelligit.

387 3219 424 3276 s'b.
445 3236 471 3276 v.
494 3219 541 3280 16.
563 3219 715 3297 cortinarii]
740 3226 843 3279 acorte
863 3237 913 3277 seu
934 3224 1024 3292 carte,
1043 3238 1138 3294 aena,
1157 3216 1329 3276 taberauaslo
1348 3235 1400 3275 aeas

303 3307 428 3362 sanae.-
447 3302 501 3361 hoc
510 3304 585 3362 enim
598 3310 642 3363 est
657 3301 755 3384 πόρπη.
778 3305 861 3363 eiiam
881 3325 933 3382 pro
947 3305 1058 3381 integra
1078 3304 1143 3362 aula
1161 3303 1337 3380 imperatoris
1350 3309 1402 3361 aut

303 3389 378 3464 regis
399 3388 548 3465 accipitur,
569 3409 627 3447 non
645 3394 757 3447 tantum
777 3409 830 3467 pro
855 3407 939 3448 auena
957 3408 1009 3446 seu
1031 3390 1162 3448 tentorio.
1188 3389 1263 3446 hinc‘
1279 3391 1400 3462 costesra

302 3472 392 3530 aialim
404 3471 556 3530 rubenitas.
577 3474 713 3532 caterisclr
726 3475 829 3551 aulice,
849 3475 963 3532 urbane.
984 3475 1014 3532 in
1028 3473 1137 3552 legibus
1153 3471 1340 3532 Alemannicie
1354 3478 1401 3530 eet

302 3555 401 3614 titulus
415 3556 541 3635 decoqui
553 3559 582 3615 lu
595 3563 667 3632 nerle
679 3562 751 3633 regs's
763 3561 872 3638 furtum
881 3562 1049 3633 rennuerit,
1070 3565 1101 3618 et
1116 3558 1148 3618 de
1163 3579 1193 3616 so
1213 3562 1261 3637 pai
1275 3560 1305 3616 s'n
1326 3565 1400 3617 curte

217 3681 221 3690 ,
304 3642 381 3699 ducis
400 3641 525 3701 hommem
543 3641 672 3701 occiderit.
702 3641 840 3720 significat
862 3645 948 3703 etiarn
967 3644 1074 3722 villam,
1093 3647 1232 3719 carnum,
1253 3642 1399 3720 oppidum.

300 3723 494 3785 Flodoardus:
515 3727 622 3806 puidam
632 3728 810 3807 presbyterale
819 3728 936 3788 Boon
949 3736 1038 3788 carte:
1058 3733 1097 3788 ss'c
1110 3731 1177 3788 entra
1192 3729 1263 3786 oilla
1278 3733 1400 3786 vocotm

302 3809 473 3869 Godeiridus
492 3811 643 3871 monachus
663 3813 692 3871 in
712 3810 885 3874 Annalibus:
906 3819 935 3873 ta
952 3815 1068 3894 qaudam
1085 3819 1157 3874 curti
1172 3812 1353 3871 monaclronsrs
1365 3811 1399 3869 de

300 3893 394 3954 Euesa
418 3895 512 3956 latam.
544 3897 574 3955 in
595 3897 746 3975 diplomate
768 3897 918 3958 Ludovici:
947 3902 1044 3958 cartica
1063 3905 1181 3959 nostram
1207 3895 1346 3974 Tasrcgaas
1368 3899 1399 3956 sis

302 3979 404 4039 ducatu
417 3981 603 4054 Alamannia,-
624 3982 672 4041 ubi
686 3984 790 4042 danim
802 3984 987 4062 propugouel
1001 3985 1095 4064 oppido
1109 3981 1246 4062 usurpari

371 4103 436 4157 idid.
453 4099 637 4174 uopccccipscs]
655 4104 757 4176 quinam
771 4106 838 4172 sint,
856 4112 946 4161 anaor
962 4105 1069 4177 exponit
1083 4104 1199 4160 inferius.

388 4219 462 4277 Sunt
487 4224 517 4280 et
544 4219 717 4300 aopccllvoc.
748 4239 816 4278 cave
840 4222 995 4282 confundas
1016 4241 1079 4279 cum
1103 4220 1275 4298 cortinariie‚
1302 4226 1398 4280 monet

303 4300 492 4384 Glossarium,
519 4304 585 4383 quia
612 4305 842 4368 echonomum
861 4326 962 4367 munus
984 4306 1121 4385 obibant,
1136 4307 1177 4366 illi
1195 4306 1257 4366 uile.
1279 4307 1399 4367 Glaesae
