3092 4942
412 300 471 366 DE
497 301 674 370 oruella
700 303 760 372 GP.
786 303 871 374 GAP.
895 304 991 376 XIV.
1194 309 1245 381 77

142 466 305 560 τράπεζαν,
324 471 477 540 άίδοσθαί
485 498 518 540 τε
533 479 692 562 κληριιιοΐς
701 473 762 542 άπὸ
777 483 832 544 rod
843 477 1019 566 βεστιαρίου
1031 476 1112 546 κατά
1127 480 1245 572 δωρεάν

139 577 271 665 χρυσίου
288 576 394 664 λίτρας
407 574 532 643 ἑκατόν·
557 585 613 645 νῦν
627 581 660 645 ds*
674 580 711 645 οὐ
725 583 835 664 γίνεται
848 587 949 648 τοῦτο.

16 758 17 773 ρ
248 679 341 744 Κατὰ
363 680 418 764 τὴν
431 681 569 765 πέμπτην
583 678 700 769 ἡμέραν
718 690 773 767 τῆς
793 682 966 767 ἑβδομάδος
978 683 1017 769 ἣν
1031 690 1159 752 καλοῦσι
1173 688 1244 754 διον

16 776 17 785 ’
84 815 89 824 ’
143 776 336 865 καινήσιμον,
360 782 522 868 άπίρχεται
546 780 563 848 ὃ
583 783 773 872 πατριάρχης
795 790 838 863 εἰς
859 787 895 852 τά
917 784 1065 854 παλάτιον
1084 788 1163 870 μετὰ
1183 796 1244 856 τῶν

116 883 309 972 σάρχιερίιον
326 888 455 951 καὶτῶν
472 894 527 971 τῆς
540 887 699 972 ἐκκλησίας
714 886 880 975 ἀρχόντων,
907 888 951 957 ’ίτι
964 917 997 957 τε
1012 894 1062 956 καί
1077 899 1142 966 τῶν,
1156 891 1244 980 ἀρχι-

137 990 317 1072 μανδριτῶν
335 991 387 1055 καί
408 986 593 1075 ἡγουμένων.
644 989 790 1057 ἀλλάσσει
809 999 883 1078 yonis
897 996 948 1058 καί
964 992 1082 1081 ἔρχεται
1097 995 1175 1082 πρὸς
1189 996 1243 1062 τὸν

82 1126 84 1130 ·
137 1091 288 1174 βασιλέα,
317 1090 477 1176 ἱστάμενον
500 1090 598 1181 εὖράιν
619 1097 661 1170 είς
680 1093 871 1182 τὸνθράνον
892 1095 997 1162 αὐτοῦ.
1049 1095 1193 1184 άρχοντις
1209 1099 1242 1164 δὲ

139 1201 306 1276 τηνικαῦτα
319 1196 356 1261 οὗ
371 1193 519 1282 πάρεισιν,
541 1195 619 1262 ὥστε
631 1194 707 1264 εἶναι
719 1195 920 1286 παράστασιν.
969 1201 1109 1266 ἰ’στανται
1124 1203 1158 1266 δὲ
1171 1201 1240 1268 ἀντ’

140 1295 243 1362 αὐτῶν
258 1300 335 1363 οἵτε
350 1297 514 1386 άρχιερεῖς,
533 1296 581 1377 ’ὥς
596 1299 722 1388 εἴρηται,
746 1304 798 1368 καὶ
814 1302 844 1368 οἶ
856 1309 911 1387 τῆς
925 1303 1086 1388 ἐκκλησίας
1098 1301 1242 1390 άρχοντες
1257 1320 1281 1374 P
1299 1321 1349 1374 108

15 1476 21 1497 ρ
98 1400 211 1483 1ομετ’
228 1398 331 1465 ἄλλων
346 1391 529 1486 ὧνείπομεν.
559 1409 662 1496 θυμιᾷ
675 1405 776 1470 τοίνυν
791 1403 808 1471 ὅ
821 1403 1011 1494 πατριάρχης
1025 1407 1081 1472 τάν
1094 1408 1241 1488 βασιλέα·

139 1499 206 1568 εἶτα
220 1501 274 1569 τὸν
291 1505 349 1586 μὲν
367 1506 524 1587 &optorto
544 1508 654 1572 δίδωσι
675 1515 718 1596 τῷ
740 1508 959 1599 ἄρχιδιακάνῳ,
986 1508 1077 1586 αὐτὸς
1093 1510 1127 1574 δι’
1141 1535 1239 1598 προσ-

137 1603 302 1692 ερχόμενος
311 1607 431 1693 ιάλογιΐ
440 1611 491 1674 καὶ
507 1606 672 1689 ἀσπάζεται
687 1611 739 1677 τὸν
755 1613 885 1694 βασιλέα
899 1615 931 1679 ίν
943 1618 989 1701 τῷ
1001 1609 1141 1696 στόματι,
1164 1614 1238 1680 άντ-

138 1706 350 1792 ασιιαζόμενος
364 1708 444 1777 οὕτω
459 1715 510 1777 καί
525 1712 617 1792 αὐτὸς
630 1715 715 1801 παρά
728 1723 785 1780 τοῦ
796 1717 957 1797 βασιλέως.
1008 1715 1086 1799 μετά
1100 1717 1134 1780 δὲ
1146 1723 1237 1782 τοῦτο

138 1808 157 1876 ὅ
171 1812 229 1895 μέν
243 1810 433 1901 πατριάρχης
443 1815 568 1882 ἵσταται
581 1819 708 1900 πλησίον
720 1816 831 1897 αὐτοῦ,
854 1819 884 1884 οἶ
899 1819 931 1884 d'
947 1818 1096 1906 άρχιεριΐς
1109 1816 1237 1906 ἔρχάμε-

99 1929 130 1984 1⁵
137 1941 185 1980 νοι
200 1916 278 1980 κατά
296 1914 353 1982 δάο
368 1916 554 1998 ἀσπάζονται
568 1921 618 1983 καί
636 1909 719 1985 οὗτοι
733 1920 947 2002 τὸνβασιλέα,
977 1928 1098 2008 πρῶτον
1112 1923 1168 2004 μὲν
1182 1923 1238 2006 τὴν

131 2028 234 2105 χεῖρα,
261 2015 325 2084 εἶτα
338 2022 395 2105 τὴν
408 2018 546 2109 παρειάν.
595 2022 705 2109 ἐφεξῆς
720 2023 753 2087 δὲ
768 2021 878 2101 πάντες
891 2024 920 2089 οἶ
935 2023 1079 2112 ῥηθέντες
1094 2021 1239 2110 άρχοντες

135 2128 193 2206 ’τῆς
208 2124 369 2207 ἐκκλησίας
385 2124 622 2213 άρχιμανδρῖταί
639 2151 672 2190 τε
693 2127 745 2190 καὶ
767 2123 928 2212 ἧηοάμενρι
950 2125 985 2193 τά
1009 2125 1084 2192 αὐτὸ
1105 2133 1238 2194 ποιοῦσι.
1321 2116 1329 2127 “

135 2226 332 2304 τελεσθέντος
356 2227 390 2292 δὲ
414 2225 526 2295 τοάτου
546 2225 563 2293 ὅ
584 2228 642 2310 μὲν
667 2225 859 2316 πατριάρχης
880 2228 971 2314 εὐχὴν
990 2229 1118 2296 ίπειπών
1143 2222 1276 2308 adarca

136 2327 317 2417 ἀπέρχεται,
338 2325 354 2395 ὅ
372 2330 405 2396 δὲ
417 2331 564 2413 βασιλεάς
581 2332 745 2418 εἰσέρχεται
762 2335 805 2410 εἰς
818 2333 852 2398 τά
867 2334 985 2399 κίλλιον
998 2332 1104 2398 αιἰτοῦ.

96 2445 131 2502 20
235 2431 287 2497 Ἔν
305 2438 345 2519 τῇ
361 2439 416 2499 τοῦ
440 2431 527 2519 άηίου
546 2431 718 2516 πνιάματος
732 2433 823 2523 ἑορτῇ
841 2446 935 2523 φορεῖ
953 2433 1043 2502 πάλιν
1060 2433 1237 2518 ὃβασιλιάς

136 2529 216 2599 κατά
230 2559 265 2620 γε
280 2534 333 2600 τὸν
349 2532 505 2623 ἕσπερινόν
527 2539 578 2602 καὶ
600 2536 656 2620 τὴν
677 2541 864 2626 λειτουργίαν
885 2540 945 2605 ἀπὸ
969 2546 1030 2606 τῶν
1053 2536 1237 2626 φορεμάτων

135 2637 231 2704 aare
246 2637 286 2704 τά
301 2640 377 2728 πρὸς
387 2637 581 2726 βουλήσεως,
606 2637 754 2719 ὦσαάτοις
773 2644 825 2707 καὶ
849 2642 878 2709 οἱ
897 2641 1040 2731 ἄρχοντες
1054 2640 1092 2708 τά
1108 2639 1235 2708 ἑαυτῶν.

202 2799 303 2868 θεῆς,
327 2791 366 2868 ἣν
390 2795 560 2869 ὀνομάζουσι
583 2799 795 2872 διακαιτήσιςιον
821 2799 1017 2875 ἑβδομάδοτΒ
1120 2801 1234 2864 caten

207 2872 241 2924 1⁰
257 2863 329 2938 μεθ’
345 2860 386 2924 οἶν
400 2865 491 2926 ἄλλων
508 2871 623 2938 εἴπομεν
638 2875 661 2927 Β
773 2873 807 2930 15
821 2871 872 2944 μὲν
894 2873 935 2934 εἰς
955 2869 1009 2940 τὴν
1030 2871 1069 2941 Α,
1093 2869 1144 2938 μὲν
1160 2868 1235 2941 πρὸς

203 2935 298 3008 τὴνΒ
401 2935 785 3012 adnotatiunculis
888 2938 1110 3010 ἳλβοάλησινΡ

16 3078 17 3081 ’
132 3074 227 3130 atiario
243 3093 293 3130 eeu
308 3076 412 3130 aerario
428 3093 476 3130 ano
494 3085 597 3132 centurn
613 3079 696 3134 libras
715 3080 773 3134 auri
791 3075 937 3132 liberaliter
959 3075 1130 3132 deroderet.
1161 3093 1234 3150 'nunc

133 3163 189 3200 moa
207 3145 260 3198 iste
276 3147 355 3200 desiit
367 3148 431 3199 'ease
447 3146 476 3199 in
493 3165 576 3201 more.

201 3215 283 3268 lleria
298 3215 391 3284 quinta
408 3215 576 3270 hebdomadis
593 3234 670 3287 qnam
695 3234 711 3270 a
737 3216 910 3270 renovatione
929 3209 1140 3282 διακαινήσιμον
1156 3215 1232 3270 voci-

132 3288 207 3352 tant,
232 3283 328 3354 recipit
353 3303 383 3337 ae
401 3285 551 3356 patriarcha
567 3303 625 3338 curn
643 3284 775 3368 episcopia
793 3293 821 3338 et
836 3284 944 3354 reliquis
965 3283 1091 3337 ecclesiae
1109 3283 1234 3355 primori-

132 3355 197 3420 bus,
221 3352 331 3423 inauper
347 3361 450 3413 etcum
469 3354 679 3408 archimandritra
697 3364 725 3409 et
740 3355 956 3408 monasteriorum
972 3353 1115 3422 praesectis
1132 3355 1165 3406 ad
1182 3372 1231 3424 pa-

131 3420 232 3475 latium.
266 3440 355 3476 sacrae
372 3422 456 3491 igitur
470 3424 579 3478 aaenmit
597 3424 747 3494 patriarcha
762 3432 868 3492 vestes,
888 3429 915 3476 et
931 3423 965 3475 nd
981 3421 1166 3494 imperatorem
1183 3440 1233 3476 ve·

132 3487 180 3560 nit,
198 3497 311 3545 atautem
327 3493 356 3544 in
372 3491 468 3545 throno
482 3509 541 3547 suo.
576 3511 701 3565 proceres
718 3491 798 3546 aulici
816 3499 878 3546 tunc
895 3509 947 3545 non
965 3493 1061 3546 adsunt
1076 3508 1161 3560 neque
1179 3491 1233 3545 cir-

131 3568 276 3626 cumstant3
299 3561 348 3614 aed
364 3560 552 3614 carumlocum
569 3563 693 3645 supplent
710 3561 845 3634 episcopi,
863 3569 893 3615 ut
908 3559 1034 3628 diximus,
1060 3569 1088 3614 et
1105 3559 1233 3614 ecclesiae

130 3629 259 3700 primores
277 3647 334 3682 cunr
351 3629 425 3698 aliis,
443 3630 588 3714 dequibus
602 3649 654 3684 ram
671 3631 778 3684 dictum.
813 3632 934 3684 incensat
949 3630 1101 3700 patriarcha
1119 3629 1232 3700 impera-

130 3707 228 3767 torem,
247 3698 344 3752 deinde
360 3698 445 3752 tradit
459 3699 600 3753 tuubulum
618 3701 814 3754 archidiacono.
848 3699 908 3770 ipse
923 3716 988 3752 vero
1005 3699 1132 3752 accedens
1149 3701 1233 3752 bene-

130 3767 197 3821 dicit
209 3775 238 3822 et
253 3767 387 3822 osculatur
401 3768 584 3838 imperatorem
601 3770 630 3822 in
646 3788 708 3836 στος
724 3772 869 3837 eodemque
885 3769 961 3822 modo
978 3768 1032 3821 fert
1046 3767 1105 3850 ipse
1117 3768 1234 3822 osculum
1291 3798 1294 3804 ·

131 3837 165 3889 ab
188 3836 359 3908 imperatore.
394 3847 489 3907 postea
519 3839 671 3908 patriarcha
698 3846 753 3893 atat
784 3838 887 3890 vicinus
916 3838 1077 3906 imperatori.
1113 3837 1232 3908 episcopi

131 3922 211 3975 porro
228 3908 280 3959 duo
297 3905 374 3958 simul
390 3909 547 3960 accedentes
565 3909 716 3962 osculantur
733 3915 760 3960 et
777 3907 829 3977 ipsi
843 3908 1035 3976 imperatorem,
1053 3905 1163 3978 primum
1174 3907 1236 3977 qui-

132 3976 191 4027 dem
207 3993 326 4044 manum,
352 3975 449 4028 deinde
466 3993 569 4046 genero.
604 3987 698 4047 postea
714 3976 783 4030 idem
801 3975 903 4029 iaciunt
920 3993 1008 4028 ornnes
1025 3975 1152 4030 ecclesiae
1170 3977 1234 4046 pro-

132 4061 214 4112 ceres,
231 4044 451 4099 archimandritae
468 4045 546 4098 etiam
564 4051 591 4100 et
608 4045 825 4100 monasteriorum
860 4039 981 4100 raefecti.
1005 4045 1101 4112 quibus
1118 4045 1233 4114 peractis

129 4113 281 4195 patriarcha
301 4115 481 4184 precationem
506 4132 608 4168 sacram
630 4116 810 4186 superaddens
833 4063 956 4168 tliscedit.
991 4111 1133 4184 imperator
1157 4129 1231 4166 suum

128 4198 157 4235 m
174 4182 300 4236 conclave
315 4201 347 4235 ae
363 4184 477 4236 confert.

198 4251 231 4304 In
246 4253 316 4306 festo
333 4253 417 4305 sancti
435 4249 545 4320 spiritua
561 4251 647 4306 induit
662 4252 757 4306 iterum
773 4250 918 4324 imperator
934 4249 962 4302 in
976 4247 1097 4321 vesperis
1114 4254 1142 4302 et
1153 4247 1232 4302 litur-

127 4318 174 4390 gia
190 4338 225 4376 ex
241 4322 297 4376 auis
318 4321 509 4391 gestaminum
526 4337 644 4394 eaquae
662 4321 745 4377 volet.
781 4320 901 4376 similiter
917 4335 1043 4392 proceres
1061 4335 1165 4390 quoque
1181 4335 1230 4388 ge-
