3092 4942
292 334 367 408 324
449 331 657 406 GRETSERI
672 331 726 398 ET
741 329 876 400 notul
888 323 1225 396 COMMENTARIUS
1259 376 1261 381 .

377 493 438 560 Διά
450 500 545 561 ταῦτα
555 494 660 560 τοίνυν
679 483 804 558 δάσαντο
822 487 860 556 τά
881 491 1029 577 ιίιτερφυῆ
1043 483 1203 572 θαυμάσια
1216 492 1271 574 τῆς
1291 483 1389 554 αανά·

295 606 370 667 γνου
385 583 435 646 καὶ
452 578 639 663 θεομήτορος
657 578 713 658 την
735 583 895 662 παροῦσαν
920 574 1029 662 inperio
1046 571 1234 658 ἑορτάζομεν.
1275 569 1389 639 inier-

298 688 367 744 στος
381 666 414 731 δὲ
429 667 557 748 εἴρηται,
581 659 660 730 διότι
676 659 868 767 ὀρθοστάδην
888 659 955 728 τότε
975 667 1036 739 τιάς
1055 661 1074 726 ό
1087 658 1160 736 λαός
1173 656 1250 725 ιιατά
1262 657 1320 741 τήν
1332 654 1389 722 νό-

298 777 354 816 ιιτα
369 753 486 832 ἐκείνην
498 747 549 814 τόν
570 746 670 831 ὕμνον
684 753 723 834 τῇ
740 753 797 812 τοῦ
814 752 906 831 λογον
926 747 1015 828 μητρί
1036 747 1180 829 ίμελψαν.
1222 744 1276 809 καλ
1295 741 1341 809 ὅτι
1358 743 1390 807 ἐν

298 843 373 902 πᾶσι
392 833 455 912 τὸῖς
478 833 579 910 άλλοις
601 835 698 909 οίιιοις
710 838 872 915 καθῆσθαι
885 833 917 910 ἐξ
930 833 1023 906 ἔθους
1047 833 1163 911 ἔχοντες
1183 830 1217 893 ἐν
1233 837 1299 905 τοῖς
1316 852 1392 909 τιαρ-

234 957 238 980 1
301 927 370 986 οὖσι
388 927 441 999 τῆς
460 916 665 1002 βεομήτορος,
694 914 788 1002 ὀρθοί
808 914 919 994 πάντες
937 913 1129 998 άκροάμεδα.
1176 921 1243 989 ταῖς
1262 918 1319 994 τῆς
1338 916 1393 991 σῆς

298 1004 474 1090 όττερμάχου
488 1029 519 1068 τε
533 1005 586 1068 scol
602 998 799 1088 άπροσμάχου
820 999 933 1107 μητρός
947 1002 1119 1086 πρεσβείαις
1144 997 1253 1084 Χριστὲ
1270 997 1290 1064 ό
1309 993 1393 1074 θεός,

298 1096 359 1155 τῶν
379 1089 591 1173 περικειμένων
617 1089 669 1153 sini
691 1088 772 1170 ἡμᾶς
793 1082 966 1166 incitatos
989 1090 1175 1169 συμφοράν,
1203 1082 1256 1149 καί
1273 1082 1394 1164 ἔλίησον

297 1175 393 1259 ἡμᾶς,
412 1175 452 1248 oie
467 1170 562 1256 μόνος
578 1170 806 1254 φιλάνθρωπος.
933 1212 936 1215 κ

190 1271 214 1325 Ρ
232 1267 283 1324 241
382 1261 426 1320 Ex
441 1260 484 1318 his
505 1280 573 1338 ergo
595 1261 772 1338 perspicuum
788 1257 953 1334 relinquitur
967 1255 1051 1334 quale
1061 1256 1146 1316 irrmit
1159 1257 1213 1335 τῆς
1230 1245 1396 1316 άιιαδίστου

298 1349 420 1420 festum,
441 1351 471 1404 et
492 1363 540 1403 cur
561 1345 614 1403 boc
634 1346 747 1403 nomine
759 1343 917 1423 appellatus
931 1336 1221 1421 άνάθιστοςόμνος,
1241 1339 1309 1417 quia
1322 1344 1399 1397 ston-

300 1433 353 1505 do,
378 1448 436 1489 non
464 1431 591 1512 sedendo
611 1430 734 1504 canitur3
763 1423 930 1502 άιιάθιστος
949 1422 1037 1508 ἑορτή
1059 1445 1113 1485 seu
1138 1423 1251 1506 ἡμέρα,
1271 1423 1339 1500 quia
1359 1421 1397 1481 ab

301 1515 448 1590 omnibns,
473 1515 583 1572 nemine
605 1520 722 1593 excepto
740 1521 771 1572 et
789 1514 899 1573 nemine
920 1513 1029 1572 ofiante
1051 1516 1102 1570 aut
1123 1530 1143 1570 a
1155 1507 1398 1569 disirrislaudibns

300 1607 444 1676 cessante,
461 1599 614 1678 peragitur.
656 1605 750 1658 exstat
774 1599 805 1658 in
825 1597 993 1658 bibliotheca
1012 1596 1148 1658 mutim
1165 1595 1256 1655 oratio
1281 1594 1336 1654 hoc
1360 1593 1400 1651 ti·

302 1686 377 1744 tulo:
399 1679 487 1767 λόγος
503 1678 784 1764 άναγινυσκόμενος
798 1684 840 1757 είς
861 1679 918 1764 τήν
938 1676 1118 1745 άτάθιστον.
1159 1673 1298 1761 διήγησις
1315 1671 1400 1754 nimi-

301 1775 389 1852 λιμσς
404 1768 438 1830 ἐκ
451 1772 580 1841 παλαιᾶς
595 1769 726 1846 ἱστορίας
741 1771 926 1852 συλλεγεῖσα,
944 1765 996 1830 καί
1010 1759 1249 1847 άναμιμνησκειν
1264 1765 1401 1843 δηλοῦσα

302 1858 359 1917 τοῦ
372 1848 546 1933 παραδόξου
561 1852 723 1934 γενομένου
736 1847 910 1932 θαόματος,
931 1851 1023 1932 sisino
1040 1849 1154 1932 Πέρσαι
1172 1848 1223 1912 acl
1249 1842 1400 1930 βάρβαροι

302 1935 360 2019 τὴν
372 1940 511 2020 βασιλίδα
526 1931 639 2019 ταύτην
652 1935 743 2000 πόλιν
755 1931 1010 2016 ττεριειιάιιλιασαν,
1033 1937 1065 1999 οἲ
1077 1934 1130 1999 καὶ
1143 1929 1300 1998 άιτοίλοντο
1310 1933 1400 2014 θείας

304 2027 393 2103 δίκης
415 2021 617 2106 πειραθέντες.
658 2020 682 2103 ἦ
705 2019 738 2086 δὲ
760 2017 845 2096 πόλις
870 2015 979 2103 άσινης
998 2025 1225 2102 συντηρηθεῖσα
1243 2017 1401 2100 πρεσβείας

304 2111 360 2187 τῆς
379 2104 529 2170 &soriano
547 2107 670 2186 ἐτησίοις
685 2105 719 2172 in
736 2103 803 2172 τότε
815 2103 883 2193 ᾅδει
902 2101 1143 2190 ιόγαριστὴριεν,
1164 2099 1332 2170 άνάθιστον
1343 2097 1401 2184 τὴν

304 2190 423 2274 ἡμέραν
442 2187 687 2273 κατονομάζουσα
698 2192 740 2272 *).

375 2299 532 2365 deciduntur
558 2304 667 2372 εἴρηται
697 2302 773 2360 διότι
804 2298 985 2388 ὀρθοστάδην
1010 2301 1068 2366 τιάς
1095 2297 1113 2357 ί
1141 2295 1209 2364 λαδς
1233 2295 1288 2370 τὴν
1313 2294 1402 2355 νείατα

258 2429 260 2436 ,
305 2366 416 2438 ίνείνην
435 2367 539 2439 ὕμνους
558 2370 713 2458 θεομήτορι
734 2369 830 2442 μέλπεν
846 2373 885 2426 ait
902 2373 1029 2428 Calbxtns
1051 2373 1079 2426 lu
1094 2369 1151 2425 αλιι
1174 2369 1269 2424 dieis
1368 2368 1403 2422 ⁶.

305 2441 363 2508 ipss
380 2439 486 2506 hymnus
502 2447 543 2492 est
563 2435 732 2510 άιιαβιστος,
756 2440 826 2510 quod
848 2441 1008 2496 interstitium
1029 2447 1138 2512 quotam
1157 2455 1190 2493 ns
1213 2438 1247 2492 ad
1284 2439 1403 2490 ‘uonlnm

306 2523 389 2576 usque
405 2523 455 2560 non
471 2507 585 2577 reperiat
600 2514 628 2562 et
643 2525 743 2578 semper
762 2509 902 2562 amundus
920 2516 1079 2579 perseveret.
1097 2527 1114 2564 s
1162 2507 1237 2562 riodii
1257 2505 1402 2575 Symario

306 2575 438 2630 historiam
454 2575 611 2698 deprompsit
630 2577 788 2643 Gratianus,
806 2577 990 2632 numum
1012 2579 1121 2633 aliane
1142 2575 1227 2662 Rapis
1249 2575 1404 2630 bibliothece

307 2661 451 2784 pqpleqpque
464 2645 696 2768 θροεῐγοωίιιλγρξιθιὲι
711 2645 936 2702 Monotbclitarun
958 2647 1076 2702 landam
1097 2647 1251 2702 Βιαιιαιεουε
1274 2642 1404 2700 comem

394 2801 541 2882 Duplicem
577 2802 653 2864 hune
678 2822 802 2863 errorem
838 2801 908 2886 ττερί
938 2804 995 2866 τοῦ
1024 2798 1155 2886 μεγάλου
1186 2795 1317 2875 νιανόνος
1352 2797 1405 2862 acl

190 2924 198 2940 ι
308 2884 379 2966 περὶ
412 2893 468 2966 τῆς
501 2883 670 2950 άκαθίστου
693 2889 813 2967 ipsemet
835 2888 1011 2967 curopalate
1040 2887 1205 2947 Gabiniano
1239 2886 1405 2946 scholiastae

309 2973 429 3031 eximere
442 2979 570 3051 poterat,
590 2974 614 3031 si
628 2975 749 3033 animum
759 2975 933 3033 advertisset
975 2973 1016 3032 ait
1031 2975 1106 3032 enim
1119 2971 1293 3053 Curopelata
1311 2991 1329 3031 a
1348 2970 1404 3050 pri-

309 3076 357 3118 ma
375 3077 410 3115 ex
431 3065 566 3134 quattuor
579 3059 678 3135 vigiliis
692 3059 842 3136 imaginem
853 3059 1044 3119 sanctissimae
1060 3057 1208 3138 deiparae,
1228 3075 1302 3133 qnae
1314 3055 1405 3116 Ηοδε-

309 3145 400 3218 getrio
415 3143 588 3222 appellatur,
607 3144 637 3200 in
650 3143 755 3223 palatio
768 3163 882 3203 manere
895 3145 933 3203 ad
947 3162 1081 3220 magnum
1096 3162 1187 3220 usqne
1200 3142 1273 3201 diem
1287 3140 1405 3200 domini·

309 3244 373 3286 cum
393 3227 543 3302 paschatis.
585 3227 647 3286 laic
672 3232 803 3306 imagini,
827 3229 920 3306 inquit
946 3228 1137 3307 Ceropalata,
1162 3231 1278 3288 υαιόαιλί
1305 3227 1405 3286 Mam

306 3309 426 3390 procedit
439 3315 581 3390 imperator
590 3313 627 3371 od
637 3319 743 3392 portam
756 3314 837 3374 coloe
847 3314 958 3392 polotri
1000 3313 1112 3372 renardo
1128 3332 1189 3372 vero
1204 3311 1281 3390 serio
1292 3314 1407 3372 σοαιίίιι-

311 3396 500 3456 turnbeontem
513 3395 550 3456 cd
563 3395 675 3456 eecelsm
689 3417 772 3476 usque
792 3399 905 3475 ςτιιάιιι.
947 3397 972 3455 si
991 3397 1120 3478 aprima
1141 3396 1251 3476 vigilia,
1270 3415 1343 3473 qnae
1362 3399 1408 3453 est
1528 3390 1529 3393 ’

311 3483 369 3539 τοῦ
382 3474 510 3556 μεγάλου
527 3475 673 3556 κανόνος,
694 3490 790 3542 manet
801 3483 895 3562 imago
907 3483 955 3543 illa
967 3483 998 3542 in
1016 3483 1121 3565 palatio
1139 3500 1230 3560 usque
1250 3482 1289 3541 ad
1308 3498 1407 3540 secum

312 3563 380 3619 dam
401 3563 498 3622 feriam
517 3564 675 3642 paschatis,
696 3567 755 3625 fieri
776 3586 835 3632 non
855 3574 952 3648 potest
971 3574 1004 3626 ut
1023 3565 1047 3649 ἡ
1066 3571 1122 3630 τοῦ
1135 3561 1266 3650 μεγάλου
1278 3559 1408 3640 κανόνος

313 3641 465 3726 άγρυτινία
483 3646 528 3706 vel
548 3650 643 3708 iuncta
661 3650 706 3708 vel
727 3654 855 3731 proxima
872 3655 957 3712 tuerit
978 3659 1172 3732 pentecostae:
1196 3650 1300 3728 alioqui
1313 3653 1408 3727 imago

311 3731 360 3788 illa
372 3731 483 3810 integro
497 3734 583 3794 ferme
604 3755 679 3794 anno
699 3737 728 3794 in
749 3737 854 3816 palatio
874 3739 1040 3817 mansisset,
1062 3759 1080 3799 a
1097 3740 1261 3818 pentecoste
1280 3735 1410 3794 videlicet

312 3827 403 3891 nsque
416 3818 453 3875 ad
468 3822 619 3880 secundam
638 3820 734 3880 feriam
750 3823 909 3902 paschatis,
929 3843 993 3883 cum
1004 3829 1100 3883 tamen
1116 3823 1288 3903 paucissimis
1301 3820 1409 3880 hebdo-

312 3900 441 3959 madibus
455 3903 484 3960 in
501 3922 535 3962 eo
549 3906 668 3983 relinqui
683 3907 804 3986 soleret,
823 3916 852 3967 et
865 3915 1017 3988 propterea
1028 3909 1146 3986 singulis
1164 3908 1244 3968 annis
1258 3926 1316 3966 non
1328 3899 1410 3965 aliter

311 4003 346 4043 ac
360 3987 466 4045 donum
475 3989 619 4064 quoddam
629 3991 760 4051 divinitus
770 3994 885 4052 missurn
898 3995 928 4052 in
937 3994 1001 4053 arrla
1016 3996 1198 4074 exciperetur,
1217 4011 1324 4072 perque
1340 4010 1412 4071 pan-

312 4089 362 4129 cos
375 4072 436 4151 dies
448 4073 478 4130 in
492 4075 590 4135 eadem
603 4076 707 4136 tutelae
720 4079 813 4158 gratia
825 4086 1056 4160 commoraretur,
1082 4099 1184 4161 nempe
1196 4098 1214 4140 a
1227 4080 1327 4157 quinta
1341 4076 1413 4138 teria

311 4227 521 4248 m

380 4327 408 4395 *)
427 4346 452 4384 v.
470 4329 579 4402 Foggin.
596 4331 713 4404 Append.
731 4349 806 4408 eorp.
822 4335 882 4392 bist.
899 4336 1011 4409 Byzant.
1028 4355 1055 4408 p.
1072 4338 1117 4394 78.
