3092 4942
511 300 723 403 mcouuu
750 302 834 367 mr.
866 301 908 369 u.
1189 304 1259 375 177

159 464 260 515 tantum
276 459 335 530 loco
352 475 467 545 congrua
490 458 606 515 dicenda.
642 441 795 516 domes'ticus
816 462 882 516 idem
909 462 969 517 olim
983 462 1026 535 qui
1044 466 1211 533 procurator,
1230 482 1262 519 ae

160 546 311 584 numerosae
339 530 449 582 familiae
473 530 605 599 totiusque
627 531 715 583 domus
746 548 831 585 curam
859 548 960 601 gerens.
1007 531 1149 585 Simocatta
1174 536 1190 589 8
1212 536 1258 590 13:

161 596 321 665 ἀναιρεῖται
339 595 354 651 d
372 602 567 666 αραισεντῖνος
583 595 598 651 d
616 594 667 661 τοὶς
682 601 734 652 τοῦ
751 598 860 663 Πέτρον
878 602 1059 687 (στρατηγοῦ)
1080 598 1262 671 πεπιστευμέ-

160 688 211 731 νος
234 667 404 737 φροντίδας,
432 661 466 720 ὃν
487 664 652 735 ὃομέστιιιον
677 665 795 722 εἰώθασι
813 666 948 739 Ῥωμαῖοι
972 672 1135 722 ααοιιαίεῖν.
1172 671 1213 723 hic
1235 670 1264 723 iu

161 739 238 791 iidem
253 753 324 789 suam
337 736 478 788 communia
488 736 599 788 familiae
611 738 679 790 bona
697 737 801 806 recipit,
812 755 843 790 ac
856 740 991 791 etiamnum
1006 738 1081 791 hodie
1097 739 1123 791 in
1134 745 1264 793 monaste-

162 808 207 860 riis
238 800 364 865 πιοτικός
388 806 467 861 audit.
507 806 675 860 Artabasdurc
706 806 864 859 Artabaadus
898 808 963 860 aliur
994 806 1152 875 copronymi
1185 824 1265 876 gener

164 875 329 929 domesticum
343 877 545 943 (procuratorem
556 873 682 943 intellige)
699 875 765 943 apud
778 876 961 945 ‘lbeophanem
978 876 1069 928 eflicit.
1103 877 1160 929 hinc
1179 878 1266 929 cuius-

165 946 230 997 libet
244 944 283 995 rei
299 943 343 995 vel
360 942 457 995 ordinis
473 943 620 1011 praefectus
637 960 669 995 ac
685 960 748 1013 prae
765 946 845 996 ositos
859 952 968 997 vocatur
985 942 1136 997 domesticus
1153 948 1267 999 aGrae·

166 1012 221 1078 οἷος
240 1012 273 1063 de
285 1028 336 1079 quo
354 1012 462 1064 loannes
478 1011 546 1064 citri
563 1012 714 1098 episcopus:
742 962 764 1079 d
780 1014 831 1064 τοῦ
848 1012 1011 1081 dorostolum)
1027 1014 1199 1081 προσηγορία
1215 1030 1267 1067 τια-

91 1128 96 1134 .
164 1078 205 1136 τοὶ
222 1080 361 1142 Λατίνους
378 1075 429 1133 τὸν
445 1074 613 1149 ἔξαρχοντα,
631 1097 682 1133 τον
690 1079 923 1151 'opopumpeum
939 1077 990 1135 τὰν
1006 1075 1156 1149 ἐπιστάτην
1173 1082 1266 1149 δηλοῖ.

166 1170 184 1206 a
201 1168 231 1203 re
248 1150 337 1219 itaque
353 1149 470 1201 familiari
489 1150 520 1201 ad
534 1150 645 1202 militiam
662 1151 786 1202 translata
799 1168 850 1203 vox
868 1152 955 1204 ducam
973 1150 1099 1202 exercitus
1114 1166 1269 1222 supremum,

168 1227 196 1273 et
214 1226 244 1271 ut
261 1219 375 1287 loquitur
393 1218 525 1271 Comueua
546 1218 686 1272 Alexiados
703 1222 734 1283 2,
759 1214 913 1287 στρατηγὸν
938 1214 1149 1287 αὐτοκράτορα,
1171 1220 1214 1271 vel
1239 1222 1270 1271 ut

167 1288 211 1343 alii
234 1291 392 1357 praefectum
414 1287 557 1358 praetorio,
581 1286 648 1357 quod
671 1288 792 1341 militares
815 1289 901 1358 copias
923 1288 970 1341 sub
994 1288 1149 1357 imperatore
1164 1288 1271 1340 duceret

171 1356 389 1425 communiumque
416 1374 499 1408 rerum
521 1356 761 1409 administrationem
781 1358 813 1408 ab
832 1374 862 1409 eo
880 1357 928 1409 sibi
946 1356 1142 1409 commendatam
1158 1362 1270 1419 teneret,

169 1426 304 1494 significat.
340 1425 429 1477 eadem
448 1425 559 1477 occurrit
593 1425 683 1477 rinmm
700 1425 768 1496 apud
785 1426 1136 1493 Cedreuumin'l’beophilo‚
1158 1426 1269 1493 subque

169 1496 277 1549 blanuel
295 1496 424 1547 Romanas
439 1494 553 1563 legiones
571 1443 651 1559 ducit,
668 1495 845 1565 Theophobus
860 1496 1004 1548 Persicam:
1026 1494 1069 1546 ille
1094 1510 1156 1546 vero
1181 1494 1270 1547 dome-

170 1566 250 1617 sticus
266 1580 327 1617 mox
342 1564 497 1617 declaratur.
531 1562 626 1630 legitur
643 1578 744 1631 quoque
761 1564 867 1633 primum
885 1564 952 1633 apud
969 1564 1151 1633 Theophanem
1168 1562 1195 1614 in
1217 1562 1271 1615 Mi·

171 1633 261 1685 chaele
278 1633 401 1686 Raucabe
415 1628 500 1700 μέγας
516 1627 677 1698 δομέοτιιιος
694 1632 839 1701 Theophilo
857 1634 992 1701 antiquior.
1027 1632 1053 1683 in
1071 1632 1146 1683 irene
1162 1640 1190 1683 et
1200 1632 1270 1683 Con-

174 1702 288 1755 stantino
310 1700 424 1754 cernitur
447 1701 571 1754 Antonius
595 1700 697 1770 quidam
720 1702 875 1755 domesticus
901 1719 955 1755 cum
973 1700 1123 1754 militaribus
1140 1700 1220 1770 copiis
1238 1700 1272 1752 ad

172 1770 268 1823 bellum
289 1771 395 1823 missust
419 1765 438 1837 ἦ
466 1768 607 1839 βασίλισσα
623 1763 783 1822 ἀπέστειλεν
800 1768 851 1824 τὰν
864 1764 1007 1824 ’Λντώνιον
1024 1764 1074 1822 οὐν
1090 1773 1151 1829 τοίς
1166 1765 1270 1837 τάγμα-

173 1855 228 1893 σιν.
263 1839 389 1900 Antonius
411 1838 477 1891 idem
502 1838 646 1905 πατρίκιος
666 1836 716 1891 καί
740 1836 901 1907 δομὲστιιιος
917 1841 972 1892 τῶν
988 1839 1093 1907 σχολῶν
1110 1839 1230 1891 scribitur
1244 1837 1273 1889 in

175 1908 350 1978 copronymo.
385 1908 453 1961 unde
472 1906 579 1961 coniicio
597 1923 741 1977 supremum
758 1909 885 1961 exercitus
903 1908 1011 1960 Romani
1029 1907 1117 1959 ducem
1134 1907 1202 1958 circe
1220 1906 1272 1957 Co—

174 1978 293 2049 prouyuri
313 1983 423 2032 aetatem
440 1976 620 2038 domesticum,
647 1992 677 2028 ac
699 1976 777 2045 paulo
802 1984 862 2046 post
877 1977 960 2045 magui
976 1977 1073 2029 honore
1090 1974 1207 2027 adiuncto
1223 1990 1272 2025 vo-

176 2052 275 2111 catum,
293 2047 337 2116 qui
353 2046 423 2116 prius
440 2042 592 2113 στρατηγός
608 2045 702 2113 ubique
719 2046 851 2099 audiebat:
868 2046 952 2099 lateat
968 2044 1031 2097 licet
1046 2043 1096 2095 alia
1112 2043 1202 2095 iterum
1214 2041 1272 2095 vioe

175 2115 341 2167 domesticum
368 2122 472 2167 'exstare
497 2114 524 2166 in
552 2113 693 2166 Iustiniauo
714 2117 745 2176 2,
770 2120 798 2167 at
821 2130 872 2166 nou
895 2114 1022 2167 exercitus
1046 2111 1092 2165 sed
1114 2107 1273 2178 στρατόρων

176 2186 325 2253 equitem
342 2184 475 2236 celebrari.
510 2182 566 2235 eius
582 2182 661 2249 igitur
679 2188 720 2236 est
736 2182 875 2235 exercitum
894 2182 1019 2249 educere,
1047 2188 1074 2232 et
1090 2180 1150 2231 belli
1167 2198 1207 2231 res
1226 2197 1274 2231 cu·

177 2270 248 2307 rare.
283 2260 421 2321 eapropter
445 2251 557 2304 Michael
580 2250 753 2319 Palaeologus
768 2250 869 2304 loannis
886 2250 979 2319 Angeli
996 2252 1100 2302 fratrem
1118 2244 1204 2317 pipam
1219 2266 1273 2317 χει-

175 2318 332 2390 ροτονήσας
350 2316 530 2388 ὃομέστιαον,
554 2317 603 2372 καί
621 2314 657 2372 τὰ
674 2319 865 2388 στρατεύματα
881 2314 1027 2389 παραδοὺς
1052 2310 1130 2389 αὐτῷ
1139 2358 1147 2385 ,
1169 2313 1209 2377 είς
1225 2314 1274 2369 dri·

176 2408 223 2445 σιν
246 2386 407 2459 ἕτοιέιτομφε
435 2384 508 2442 κατὰ
532 2388 583 2441 τοῦ
605 2383 767 2442 οἶτοστοὶτοο
792 2385 917 2457 Μιχαήί.
953 2382 1119 2455 φροντιστής
1144 2384 1220 2438 etiam
1246 2392 1274 2438 et

178 2454 342 2528 ἐπιμελητὴς
358 2457 498 2527 δημοσίων
515 2453 683 2539 πραγμάτων
701 2456 734 2510 ab
759 2462 866 2511 auctore
887 2461 1054 2514 memoratum
1078 2454 1150 2508 cuius
1175 2454 1274 2523 quideur

178 2545 211 2581 ac
234 2529 364 2600 amplioris
388 2528 463 2579 etiam
484 2542 595 2579 muuerrs
619 2525 817 2597 descriptionem
840 2526 956 2581 exhibuit
980 2526 1190 2590 Cautacuzeuus,
1218 2524 1274 2593 ipsa

178 2614 288 2667 megum
303 2596 472 2660 domesticus,
487 2599 505 2651 2
521 2597 549 2649 5.

266 2703 435 2782 p.7v.16‚
471 2700 771 2781 Panhypersebastus.]
794 2698 878 2760 etiam
899 2700 953 2759 hoc
975 2691 1093 2776 ἀξίωμα
1108 2694 1159 2757 ool
1180 2690 1278 2775 daupu

178 2793 227 2845 'est
239 2786 328 2847 Alexii
341 2788 479 2846 Comneni
491 2790 622 2866 ποίημα,
644 2788 693 2863 qui
713 2788 743 2843 in
763 2787 806 2844 his
827 2785 1017 2861 excogitandis
1037 2784 1172 2841 secundus
1193 2788 1222 2837 et
1235 2783 1278 2838 fa-

182 2875 291 2931 cundus
303 2874 365 2932 fuit.
385 2872 448 2931 vide
470 2872 611 2931 Zonaram
627 2872 657 2929 iu
677 2870 776 2930 Alexio
792 2872 945 2929 Comneno.
977 2871 1029 2927 sed
1050 2874 1082 2927 ut
1101 2867 1145 2923 hie
1167 2864 1277 2940 dicitur,

181 2958 237 3016 iste
250 2957 544 3037 panhypersebastus,
564 2956 639 3015 ultra
653 2975 736 3032 quem
749 2957 865 3014 ambitio
880 2954 1012 3035 progredi
1029 2971 1087 3010 non
1105 2968 1188 3027 posse
1202 2950 1278 3006 vide

182 3042 283 3119 batur,
310 3044 415 3107 invenit
440 3042 622 3118 sequentibus
647 3043 727 3099 annis
756 3060 853 3119 parem
883 3039 1016 3097 Ioannem
1043 3036 1279 3109 Cantacuzenum,

184 3147 318 3205 maguum
331 3129 531 3204 domesticum,
554 3132 584 3184 et
599 3126 684 3203 paulo
699 3132 767 3205 post
787 3126 918 3183 maiorem
938 3142 971 3179 ac
992 3121 1175 3199 superiorem,
1195 3124 1228 3176 ut
1250 3126 1279 3175 et

185 3213 436 3292 protovestiarium
456 3214 498 3272 ita
510 3232 561 3270 ceu
572 3211 629 3289 pila
641 3212 777 3269 ludebant
790 3209 836 3268 isti
850 3204 883 3266 et'
888 3207 971 3265 rebus
985 3213 1014 3265 et
1027 3204 1183 3264 nominibus
1194 3206 1279 3281 modo

184 3299 216 3355 iu
230 3298 318 3357 altum
330 3298 411 3357 elatis
424 3300 510 3357 modo
524 3299 654 3356 deorsum
668 3296 781 3375 pressis.
822 3294 998 3351 Andronicus
1018 3292 1111 3350 senior
1128 3290 1281 3367 imperator

185 3382 321 3441 Ioannem
335 3389 479 3462 ,nepotem
506 3402 587 3443 suum
614 3379 868 3461 paubypersebasti
895 3379 1031 3459 (lignitate
1060 3377 1194 3433 decorans
1224 3394 1281 3433 eom

187 3466 264 3543 longe
278 3472 456 3543 augustiorem
470 3468 558 3545 effecit
573 3487 653 3546 quom
666 3474 744 3525 acteo
754 3466 860 3545 sumit,
877 3467 1001 3523 concessis
1016 3464 1174 3521 uestimentis
1186 3460 1283 3519 calceis

187 3557 288 3629 eloqui
301 3557 457 3617 ornamentis
471 3554 540 3611 lutei
550 3553 652 3624 colotis,
667 3558 699 3609 ut
711 3555 780 3609 inter
790 3552 982 3627 imperatoriam
996 3547 1156 3606 nobilitatem
1169 3548 1283 3603 maxim

186 3638 303 3695 illustris
317 3645 399 3715 esset,
420 3644 454 3695 ut
467 3636 508 3697 ait
520 3638 662 3714 Gregoras
674 3636 692 3693 l.
703 3638 733 3696 7.
754 3641 787 3692 ut
803 3642 896 3693 autem
913 3628 990 3692 uxor
998 3634 1134 3709 despotae
1145 3629 1283 3708 *despectam

187 3722 320 3780 Caesaris
339 3722 510 3800 Οσαοτίιιο,
537 3720 768 3781 sebastoeratoris
790 3720 1032 3778 sebastocrutorisso
1048 3718 1124 3774 dicta
1144 3721 1188 3775 est
1206 3714 1283 3795 (vide
1358 3732 1371 3752 r

189 3827 213 3864 c
227 3807 278 3865 ult
293 3806 425 3886 Codini),
443 3810 484 3865 ita
494 3827 563 3866 uxor
573 3806 824 3884 panhypersebasti
834 3804 1076 3883 pooiypersebmto
1089 3800 1191 3872 audiit3
1214 3818 1283 3875 qua-

188 3892 223 3949 lis
236 3893 314 3969 apud
327 3892 483 3969 Gregoram
496 3892 515 3950 l.
530 3894 551 3953 8
563 3893 622 3949 filia
634 3892 778 3951 Theodori
793 3890 979 3966 Metochitae,
1001 3887 1177 3949 matrimonio
1190 3886 1285 3943 iuncta

187 3978 333 4057 praedicto
349 3977 448 4037 Ioanni
459 3978 724 4057 panhypersebasto.

256 4088 290 4145 Ὁ
310 4086 579 4163 πανοπεροέβαοτος]
612 4091 645 4143 de
672 4090 744 4143 cuius
770 4088 896 4158 dignitate
919 4090 952 4141 ab
975 4086 1064 4141 Alexio
1094 4085 1223 4138 Comneno
1246 4083 1286 4134 in-

193 4166 271 4213 venta
287 4167 390 4230 praeter
406 4162 532 4213 Zonararn
559 4162 622 4212 haec
644 4160 718 4213 Anna
738 4158 807 4211 lilia:
840 4153 900 4211 κατ’
925 4152 1014 4211 ἐκεῖνο
1039 4153 1193 4223 discoperi
1215 4152 1285 4203 τετί-

196 4246 282 4298 μηται
313 4228 363 4282 καὶ
386 4223 402 4281 d
435 4229 609 4297 Ταρανείτης
624 4226 685 4282 ῐααὶ
712 4222 835 4297 γαμβρός
864 4221 906 4279 ἐπ’
936 4221 1045 4293 ἀδελφῇ
1075 4224 1127 4275 τοῦ
1156 4216 1285 4292 βασιλέως

193 4294 422 4370 πρωτοσέβαστός
442 4316 471 4351 τε
493 4296 543 4352 καὶ
562 4296 820 4370 προτοβεστιοίριος.
854 4291 910 4367 μετ’
928 4290 965 4349 ori
986 4288 1058 4348 aoid
1083 4286 1115 4345 db
1133 4288 1181 4345 aul
1197 4307 1272 4344 πανυ

239 4376 501 4446 utunturque.
523 4377 556 4432 ae
578 4380 654 4448 offis.
1042 4368 1082 4437 12
