3092 4942
463 366 521 434 DE
546 359 726 436 omens
751 369 811 438 (ΣΡ.
836 369 921 440 GAP.
945 371 990 439 V.
1223 375 1271 446 31

180 537 293 606 ἑαυτοῦ
319 542 427 604 τοῦτον
453 535 545 621 ὄντα,
573 551 780 630 προσενεγκεῖν
800 548 846 632 τῷ
863 550 994 628 βασιλεῖ’.
1042 541 1153 612 codron
1174 547 1273 613 τολνν

119 715 125 734 ,
181 641 277 727 δῆλον
298 639 454 728 γεγονότος
474 643 527 710 τὸν
542 645 600 727 μὲν
615 646 744 729 βασιλέα
757 644 868 726 εὐθύς,
888 645 930 724 ὡς
944 644 1018 732 εἶχε,
1035 656 1203 734 καταβῆναι
1219 657 1274 715 τοῦ

118 798 124 812 .
177 749 293 826 ἵππον,
319 747 369 810 καὶ
389 748 491 811 δοῦναι
512 753 620 814 τοῦτον
635 756 675 837 τῇ
689 752 863 838 κεκτημένη.
913 752 976 816 ἐπεὶ
993 750 1025 816 δ’
1043 753 1099 817 οὐκ
1113 745 1190 838 ἦσαν
1205 751 1273 819 τότε

163 851 269 926 ,ἵπποι
287 851 440 931 βασιλικοὶ
459 848 619 936 σνρόμενοι
627 900 637 931 ,
662 853 777 936 ἐγένετο
793 857 828 918 dl
842 850 857 918 ὃ
873 854 1017 934 βασιλεὺς
1031 854 1063 918 ἓν
1075 858 1164 947 χρείη
1178 860 1274 922 *ἵππον

156 954 233 1020 ἐκαὶ
259 951 506 1033 ἔκαβολλάκινσεν
529 954 624 1020 ἰ’ππον
642 954 694 1021 τὸν
715 952 861 1040 τυχόντα,
891 953 1008 1041 ἐτάχθη
1030 953 1050 1040 ἡ
1072 965 1132 1022 τῶν
1154 965 1314 1045 σνρτῶνθ

180 1051 403 1138 ἀκολούθησις,
434 1052 556 1136 ὦς’άν,
587 1056 620 1122 εἷ’
635 1083 665 1123 τι
689 1058 883 1144 συμβεβηκὸς
904 1057 1008 1142 τάχοι,
1034 1059 1138 1144 οἷἠσαν
1161 1063 1274 1145 ἕτοιμοι

176 1161 267 1224 ’ἵπποι
279 1161 434 1241 βασιλικοὶ
447 1160 525 1248 πρὸς
536 1159 571 1226 τὸ
587 1159 827 1250 ἀφιππάσασθαι
841 1161 1046 1262 τὸνβασιλέα.

277 1290 328 1358 Ἡ
342 1294 444 1378 μέντοι
465 1292 573 1380 σπάθη
593 1301 649 1363 τοῦ
669 1298 821 1380 βασιλέως
836 1296 883 1364 del
897 1299 940 1376 εἷς
952 1298 986 1365 τὸ
1003 1298 1180 1387 ῥονχαρεῖον
1192 1295 1274 1385 tripl-

181 1424 300 1476 σκεται,
324 1397 365 1462 τὰ
386 1398 420 1462 δὲ
439 1393 621 1482 ὕποιλῆμιιτα
638 1403 679 1477 εἰς
693 1399 729 1467 τὸ
744 1399 927 1488 βεστιάριον.
975 1401 1038 1467 ἴστι
1056 1404 1154 1467 δὲκαὶ
1172 1402 1272 1489 ἕτερον

141 1499 262 1578 [balduc
289 1497 509 1584 ὗαοὸημάτων,
544 1501 567 1566 ἃ
592 1508 754 1570 καλοῦνται
779 1507 918 1590 τζαγγΙα,
950 1503 1056 1588 ligusto
1082 1505 1115 1570 ἔκ
1139 1508 1272 1590 πλαγίων

179 1602 259 1686 κατὰ
281 1601 337 1680 τὰς
359 1601 474 1688 κνήμας
486 1605 539 1670 καὶ
553 1605 600 1668 lul
615 1612 676 1671 τῶν
691 1614 811 1694 ταρσῶν
826 1607 931 1684 άιτούς
947 1608 999 1672 διὰ
1013 1611 1111 1674 λίθοιν
1126 1612 1174 1671 καὶ
1187 1633 1271 1690 μαρ-

179 1705 300 1793 γάροιν,
327 1703 415 1771 ἅτινα
438 1710 489 1771 καὶ
515 1718 606 1794 φορεῖ
622 1705 639 1773 ὃ
657 1710 803 1793 βασιλεὺς
827 1710 869 1788 τάς
888 1736 920 1775 τε
940 1710 1011 1787 τοὺς
1026 1710 1208 1797 περιπάτους
1222 1713 1272 1774 καὶ

179 1811 237 1886 τὰς
252 1804 428 1896 προκάψεις.
478 1813 529 1874 καλ
544 1807 561 1875 ὅ
577 1819 674 1877 ταῦτα
690 1820 785 1878 ποιῶν
798 1813 835 1877 οὐ
849 1809 1043 1898 τζαγγάριος,
1069 1811 1111 1890 ὡς
1124 1815 1152 1877 ol
1167 1816 1273 1899 ἕτεροι,

179 1911 259 1977 ἀλλὰ
274 1911 404 1998 τζαγγάς
419 1909 607 1994 ὀνομάζεται.
657 1911 785 1997 ὁπηνίκα
799 1922 873 2001 γοῦν
888 1913 987 1999 δεήσει
1001 1915 1055 1980 τὸν
1069 1917 1198 1999 βασιλέα
1214 1942 1271 1980 κα-
1287 1921 1313 1976 D

141 2023 172 2078 15
177 2021 377 2100 βαλλιιαῦσαι
383 2062 395 2094 ,
430 2017 516 2104 φέρει
538 2015 577 2081 τὰ
599 2013 783 2100 ὕποιλήματα
804 2016 1009 2083 παιδόπονλον
1029 2027 1083 2084 τοῦ
1101 2021 1276 2104 βιοτιαριόο

179 2118 281 2198 ἐκτός,
307 2115 387 2184 οὕτω
408 2124 514 2196 κοινῶς
526 2118 748 2204 ὀνομαζομένου
762 2121 994 2206 άλλαξιμαρίοα.
1044 2117 1277 2203 ἱτοιμασθὲιτος

179 2215 234 2287 οἷν
248 2225 298 2286 καὶ
313 2221 605 2302 καβαλλικεάσαντος
620 2231 674 2288 τοῦ
687 2226 838 2305 βασιλέως
843 2272 853 2302 ,
875 2225 904 2290 ol
920 2225 1118 2310 άνακαρισταλ
1132 2222 1277 2308 κροάοτσι

180 2325 221 2391 τά
235 2322 392 2412 άνάκιιρα,
417 2327 593 2404 σαλπίζονσι
606 2327 703 2392 δὲκαὶ
717 2327 745 2390 ol
759 2329 940 2412 σαλπιγκταὶ
953 2323 1064 2410 ὁμοίως
1075 2330 1125 2392 καλ
1139 2329 1166 2392 οἱ
1179 2334 1276 2408 βουκ-

179 2424 334 2514 κινάτορις
359 2425 404 2492 ‹b'
432 2425 567 2512 ὀργάνων
588 2429 737 2514 ἀργυρῶν.
789 2430 821 2494 αἱ
845 2431 947 2512 μέντοι
970 2430 1048 2494 κατὰ
1064 2430 1119 2514 τὴν
1134 2427 1276 2514 τοιαάτην
1334 2509 1337 2513 Ἰ

140 2530 346 2617 mannassen
360 2533 557 2610 σαλπίζονσαι
570 2529 732 2620 σάλπιγγες
747 2532 782 2597 οὗ
798 2534 877 2597 κατὰ
893 2533 947 2609 τάς
963 2532 1057 2610 ἄλλας
1074 2536 1129 2598 elul
1146 2533 1275 2616 σάλπιγ-

121 2663 128 2684 1
179 2661 254 2721 γας,
276 2634 347 2699 ἀλλ’
365 2631 466 2722 λ’τιράν
481 2659 509 2699 τι
521 2640 635 2718 σχῆμα.
687 2638 779 2714 δηλοῖ
795 2637 827 2702 δι’
844 2640 897 2722 Ικαὶ
912 2633 929 2721 ά,
947 2643 1007 2702 τῶν
1023 2634 1167 2702 recudatur
1180 2633 1275 2722 ὀργά-

251 2880 531 2950 sequanenses
597 2875 1043 2951 ‘lbdssb'ocosoredcdcl’
1127 2888 1131 2894 ⁴

180 3101 271 3173 puisse
289 3112 317 3155 et
331 3113 361 3154 ut
377 3119 466 3168 sunm,
482 3102 634 3172 imperatori
649 3119 740 3156 munus
755 3101 891 3154 obtulisse.
925 3100 1121 3170 imperatorem,
1138 3117 1195 3153 cnm
1209 3100 1274 3154 baec

182 3173 364 3243 comperisset,
385 3172 470 3224 statim
489 3172 515 3223 in
532 3172 646 3240 vestigio
663 3173 831 3225 descendisse
848 3172 882 3223 de
900 3187 983 3238 equo,
1001 3187 1110 3238 eumque
1127 3171 1231 3224 dedisse
1248 3171 1275 3224 ei

180 3243 255 3294 colos
278 3252 346 3294 erat.
381 3259 438 3294 cum
462 3251 548 3294 autem
570 3251 632 3294 tunc
655 3259 716 3294 usus
734 3239 922 3308 equorumqui
940 3241 1191 3293 manuducerentur
1209 3259 1274 3292 non-

180 3314 240 3363 dum
265 3311 427 3364 introductus
450 3320 533 3370 esset,
562 3318 589 3362 et
611 3309 753 3378 imperator
776 3325 843 3376 equo
866 3309 987 3375 indigens
1010 3309 1114 3361 obvium
1132 3311 1277 3377 equitasset

181 3397 286 3447 equum,
311 3382 443 3432 decretum
460 3379 543 3430 luisse
561 3388 590 3430 ut
606 3396 663 3430 euin
682 3378 868 3432 comitarentur
885 3378 946 3444 eqni
963 3378 1110 3430 sessoribus
1128 3379 1222 3443 vacui,
1247 3389 1277 3433 ut

180 3449 205 3500 si
224 3450 282 3516 quis
300 3467 375 3502 casus
393 3449 532 3513 existeret,
558 3448 646 3516 parati
662 3457 836 3516 suppeterent
854 3448 916 3518 equi
932 3446 1109 3518 imperatorii,
1130 3450 1176 3517 qni
1192 3448 1276 3517 impe-

180 3528 292 3572 ratorem
310 3535 390 3588 equos
408 3527 547 3568 mutantem
563 3519 724 3586 exciperent.

250 3621 352 3690 Spatba
374 3636 420 3674 seu
444 3618 514 3670 ensis
537 3618 701 3688 imperatoris
723 3635 827 3686 semper
849 3626 890 3671 est
905 3617 933 3670 in
950 3617 1088 3686 ruchario,
1113 3617 1194 3670 calcei
1212 3636 1277 3671 nero

180 3689 208 3742 in
231 3690 368 3742 vestiario.
405 3698 445 3740 est
470 3699 497 3740 et
519 3689 571 3742 alia
593 3687 695 3756 species
720 3682 881 3753 oalceornin,
905 3687 950 3755 qul
974 3687 1140 3740 nominantur
1162 3689 1276 3754 tzangia.

180 3759 358 3826 insigniuntur
375 3775 391 3810 a
409 3757 534 3810 lateribus
557 3758 696 3810 secundum
719 3755 800 3808 tibias
818 3755 888 3808 etin
907 3755 1050 3822 calcaneis,
1075 3756 1170 3824 aquilis
1189 3773 1221 3808 ex
1237 3758 1277 3809 la'-

180 3828 250 3896 pillis
274 3836 302 3879 et
323 3827 485 3895 margaritis,
518 3843 583 3895 quos
609 3826 687 3878 etiam
713 3826 797 3877 induit
819 3825 962 3892 imperator
986 3826 1019 3876 ad
1044 3826 1225 3893 processiones
1250 3832 1280 3879 et

180 3897 379 3950 ostentationes.
414 3903 442 3948 et
464 3895 510 3963 qui
533 3895 579 3946 bos
602 3894 703 3948 calceos
722 3895 800 3957 lacit,
826 3911 878 3945 non
894 3893 1043 3960 trasgarius
1059 3894 1118 3946 sive
1135 3904 1223 3960 sutor,
1249 3902 1279 3948 ut

180 3965 278 4032 ceteri,
304 3967 351 4018 sed
367 3975 476 4032 tzangas
495 3980 543 4016 seu
561 3973 667 4017 trancas
685 3962 839 4033 appelletur.
875 3963 1080 4030 quandocunque
1097 3962 1179 4031 igitur
1195 3964 1278 4028 imps-

179 4043 293 4088 ratorem
310 4034 430 4103 equitare
449 4041 568 4102 oportet,
587 4033 688 4086 calceos
706 4032 793 4084 adfert
810 4048 876 4097 puer
893 4049 926 4083 ex
942 4030 1084 4099 vestiario,
1110 4031 1179 4100 quod
1197 4031 1275 4098 vulgo

179 4112 275 4156 vocant
300 4102 494 4155 allaximarium.
530 4111 622 4170 parato
648 4103 699 4154 iam
725 4110 752 4152 et
774 4100 909 4168 equitante
931 4100 1088 4168 imperatore
1105 4099 1274 4168 cymbalistae

179 4172 298 4238 cymbala
319 4172 441 4243 pulsant,
467 4171 596 4223 tubicines
614 4171 684 4222 tubis
703 4178 730 4222 et
746 4167 928 4221 buccinatores
944 4168 1061 4220 buccinis
1078 4168 1208 4236 argenteis
1227 4185 1272 4220 ca·

178 4249 252 4295 nunt.
288 4242 337 4292 bae
362 4258 425 4292 vero
449 4241 527 4292 tubae
548 4239 608 4291 huic
625 4238 682 4290 rastri
700 4239 847 4290 destinatae
866 4255 918 4288 non
938 4238 1056 4290 referunt
1072 4237 1177 4289 aliarum
1195 4237 1272 4289 tuba-
1337 4281 1343 4295 ,

178 4327 234 4362 rum
256 4311 380 4378 sormam,
402 4311 449 4362 sed
468 4308 518 4360 alia
536 4309 645 4376 quadam
664 4308 749 4375 ligura
764 4306 901 4375 praeditae
917 4314 987 4359 sunt.
1023 4305 1122 4358 indicat
1144 4305 1193 4354 boc
1213 4303 1273 4372 ipse

178 4379 257 4432 etiam
281 4396 360 4432 sonus
385 4378 474 4432 talium
491 4379 733 4442 instrumentorum
759 4377 805 4446 qul
824 4383 879 4442 est,
902 4375 972 4428 atsi
989 4376 1048 4446 quis
1064 4391 1096 4425 ex
1110 4371 1206 4442 populo
1223 4374 1272 4427 ali-
