3092 4942
420 280 743 376 mooouucur.
770 307 798 375 1.
1081 311 1153 384 1sa

33 473 118 532 divit
147 469 376 550 protonotarium
402 486 466 532 esse
491 467 639 553 θυρωρόν
667 492 720 536 seu
743 470 909 536 ostiariumi
939 465 1025 556 dripu
1056 474 1152 556 igtur,

2 583 3 651 ρ
31 560 99 616 hoc
125 564 174 618 ost
195 561 298 636 ιἀιιαα,
327 556 489 616 nominatur
510 574 570 617 non
586 560 665 635 quod
685 561 724 619 sit
745 564 846 621 ianitor
871 577 922 620 seu
945 559 1152 640 maranata,

2 676 3 705 ;
31 645 95 701 sed
126 642 197 718 quia
221 649 266 703 est
291 642 433 720 proximus
461 641 498 699 ab
522 644 730 703 erocataaoells.
769 663 822 704 neo
848 644 993 721 estquod
1017 643 1152 708 Iuniusa

2 738 3 743 ’
34 729 191 788 Iaar'zun‘s
220 726 376 786 subsidium
399 731 492 804 petat:
522 725 570 785 alii
589 728 663 787 enim
685 747 789 789 nomen
808 730 862 790 hoa
881 746 940 789 non
957 747 976 785 a
992 730 1076 790 ianua
1098 733 1151 791 sed

2 804 3 815 ¹
35 815 76 870 ab
109 812 169 872 alio
193 811 278 892 longe
302 812 413 872 diverso
435 809 569 874 vocabulo
596 810 756 893 deducunt,
781 819 814 875 ut
844 815 874 874 in
897 811 1041 876 Paudecte
1063 814 1150 876 Ture.

34 899 142 957 sidere
158 897 232 956 lieet.

129 995 208 1055 Illud
232 996 349 1075 insuper
380 993 512 1054 festivum
539 1001 599 1076 eat,
629 1014 692 1058 eum
726 997 767 1058 ait
796 1000 976 1079 protonotarii
1001 997 1092 1078 fairra
1117 1008 1151 1060 ut

35 1104 114 1162 quaa
143 1081 222 1162 sarit
253 1102 273 1141 a
310 1081 454 1142 cataroelia
477 1082 521 1142 orl
540 1101 588 1160 par
619 1083 765 1142 mtaroelor
787 1084 826 1142 ad
845 1082 1030 1160 patriarchum
1054 1083 1152 1160 affere-

36 1174 165 1242 bantur,
204 1187 236 1227 aa
266 1169 404 1243 acciperet.
447 1184 505 1246 quo
531 1172 645 1228 auctore
668 1167 723 1226 hoo
760 1163 906 1228 affimat
946 1185 1013 1227 nam
1045 1169 1149 1228 oliceuti

2 1295 3 1331 ρ
38 1256 188 1311 duntaxat
211 1251 237 1310 si
264 1253 457 1330 crederemus,
489 1252 584 1314 omnia
611 1253 799 1328 crederemus,
834 1253 918 1312 etiam
944 1257 1043 1332 aperte
1068 1253 1150 1316 salsa.
1174 1299 1176 1304 -

2 1394 3 1409 2
36 1339 224 1417 protonotarii
243 1335 299 1393 fuit
323 1354 420 1395 aurare
439 1338 574 1416 pittacia,
601 1342 635 1396 ut
652 1336 751 1412 inquit
771 1337 907 1396 Codinus.
946 1341 1082 1415 pittacia,
1106 1339 1148 1398 ait

40 1422 179 1481 Cuiacius
196 1422 235 1482 ad
257 1421 302 1480 tit
324 1423 367 1484 37
384 1419 432 1479 lib.
454 1423 494 1485 12
511 1423 572 1483 aad.
595 1417 774 1498 Iustinianei,
809 1428 871 1482 ruat
897 1425 1013 1482 raffau
1032 1426 1059 1482 at
1077 1443 1147 1482 cam·

37 1510 174 1566 mratarr‘r'
198 1523 365 1567 ammarum
392 1505 560 1566 militariam.
600 1506 687 1566 cadero
715 1509 818 1566 τοιαῦτα
848 1507 1037 1584 rigrafiaaatar
1065 1511 1147 1567 etiam

39 1593 188 1670 epistolae,
214 1590 321 1664 albam,
350 1592 468 1651 notaria.
510 1591 551 1651 ita
566 1589 596 1650 in
610 1590 669 1650 iure
687 1586 774 1650 civili:
806 1590 851 1650 hio
871 1592 1001 1650 militares
1025 1611 1147 1652 aauaaaa

39 1679 134 1736 locum
156 1695 218 1736 nou
233 1675 347 1737 habent.
388 1681 433 1734 ut
451 1693 522 1752 ergo
537 1668 693 1738 πιττάκιον
708 1675 823 1755 proprie
840 1676 919 1752 quod
934 1694 987 1734 nos
1004 1694 1146 1756 vocamus,

40 1762 231 1822 ecclesiastica
247 1760 450 1819 consuetudine
468 1766 499 1818 et
516 1759 721 1839 appellatione,
744 1762 820 1820 ὀττοκ
840 1761 920 1836 (hinc
934 1761 1009 1820 breue
1028 1770 1145 1840 aposto-

38 1848 143 1925 licum,
165 1851 196 1906 et
217 1845 412 1904 Germanicum
431 1842 505 1922 brias
516 1864 569 1923 pro
591 1845 727 1924 epistola,
745 1851 776 1904 et
797 1846 827 1904 iu
847 1844 1003 1904 Annalibus
1025 1843 1144 1906 Latino-

39 1932 178 1992 Barbaria
197 1930 380 2006 brevigerulus
394 1932 438 1990 eia
456 1929 636 2008 ba'estrdger,
654 1948 705 1988 seu
724 1930 884 1990 breviculam
905 1948 955 1988 seu
974 1932 1143 2004 breuiarium,

40 2020 119 2076 unde
141 2016 277 2075 Germani
296 2033 379 2073 suum
396 2016 496 2073 breoiar
510 2015 683 2092 formarunt,
705 2033 758 2092 pro
778 2014 849 2074 libro
866 2013 1032 2073 sacerdotali
1042 2033 1075 2072 ex
1086 2033 1144 2092 quo

41 2105 131 2162 horae
153 2102 304 2162 canonicae
321 2098 524 2178 persolvuntur.
566 2100 686 2159 ooeurrit
700 2099 770 2157 haec
790 2118 845 2158 vox
863 2100 937 2158 breve
952 2097 1100 2174 aliquoties
1115 2099 1145 2157 in

40 2188 154 2264 lagrbns
176 2185 319 2246 Francicis
343 2189 373 2244 et
395 2186 424 2242 in
442 2185 560 2261 Synodo
576 2184 715 2242 Meldensi
731 2203 791 2242 can.
811 2184 841 2248 4.
861 2183 1048 2242 Glossarium:
1076 2206 1145 2246 πιτ-

41 2269 152 2335 τάκιον
167 2275 329 2352 pittacium
347 2271 441 2330 braum
484 2267 568 2326 Anna
581 2270 611 2328 in
628 2268 763 2328 Alexiade
780 2289 847 2327 sua:
870 2267 921 2330 καὶ
935 2264 972 2331 roi
987 2269 1089 2348 βιβλία
1101 2268 1144 2342 εἰς

42 2357 138 2439 μέσον
156 2358 325 2437 τηνικαῦτα
346 2353 542 2435 προυτίθετο·
564 2355 671 2436 dorbia
685 2359 778 2415 ταῦτα
795 2353 817 2433 ἦ
838 2348 989 2432 συνήθεια
1005 2348 1070 2415 οἶδε
1087 2376 1144 2414 κα·

42 2452 123 2518 λεῖα,
147 2441 182 2504 ἐν
205 2436 252 2515 οἷς
272 2433 476 2521 ἆιαγριῖφτται
493 2434 530 2498 rol
553 2437 587 2500 tv
612 2433 727 2522 ἑκάστῳ
754 2437 869 2516 τεμένει
896 2435 970 2500 ὄντα
995 2431 1142 2518 κειμήλια.

40 2530 110 2587 baec
125 2529 239 2586 notavit
255 2525 390 2583 Pithoeus
409 2526 447 2584 ad
462 2521 539 2600 leges
558 2522 715 2583 Francicus.
756 2523 915 2583 huiusmodi
931 2543 1000 2603 ergo
1022 2523 1143 2582 bonulus

41 2611 222 2674 conficiendis
236 2615 366 2689 praeerat
383 2609 611 2688 protonotarius,
627 2616 657 2668 et
676 2616 774 2687 posset
792 2611 867 2668 forte
886 2603 902 2671 ὅ
922 2609 964 2682 εἷς
984 2602 1022 2669 rol
1038 2603 1143 2669 πιττά-

42 2723 92 2761 κια
111 2699 200 2758 unieo
225 2703 257 2756 et
283 2698 435 2754 etiamnum
460 2695 651 2754 ecelesiasticis
675 2694 865 2753 functionibus
879 2695 985 2752 usitato
1006 2692 1142 2752 vocabulo

44 2786 94 2842 diei
112 2785 284 2843 αὸῠτκοίοίοτ
304 2780 349 2840 vel
370 2781 465 2858 potius
478 2781 625 2849 brwiator3
645 2797 703 2856 qna
722 2797 790 2838 roae
807 2780 897 2838 utitur
911 2779 996 2837 etiam
1011 2778 1142 2837 Iustinia-

43 2889 94 2927 nns
116 2867 232 2928 Norell
257 2865 326 2929 105.
368 2871 413 2923 est
438 2865 523 2923 etiam
546 2866 635 2938 οτιοτ,
661 2870 691 2922 et
716 2883 768 2942 per
791 2882 967 2939 consequens
987 2867 1143 2940 pittacium,

43 2958 241 3020 inventarium
268 2951 346 3026 quod
370 2950 408 3008 ab
433 2950 543 3027 Optato
561 2948 581 3008 l
597 2955 613 3014 l
629 2955 747 3008 vocatur
762 2951 1031 3009 cmmemoratorium.
1072 2943 1179 3004 iteml'
1202 2945 1252 3000 163
1365 2977 1367 2982 ,

45 3041 141 3100 treus.-
162 3040 266 3107 breoa'r,
283 3036 314 3094 id
329 3041 374 3093 est
389 3035 486 3111 index,
506 3039 570 3093 auri
585 3040 611 3092 et
628 3037 738 3111 argona·
756 3033 908 3095 Caeciliana
930 3031 1059 3106 traditur,
1087 3031 1143 3088 ad-

43 3126 133 3183 hibitis
156 3122 281 3182 testibus.
322 3127 353 3179 et
372 3118 501 3178 absolute
524 3119 642 3177 indicem
662 3126 692 3178 et
708 3120 886 3178 summarium
901 3117 941 3174 rei
961 3113 1142 3192 comprehen-

41 3211 148 3268 sionem
166 3203 315 3283 signifioat.
356 3205 423 3263 inde
438 3205 469 3261 in
490 3203 599 3280 legibus
613 3203 754 3262 Francicis
768 3209 800 3262 et
814 3203 891 3282 apud
909 3201 1079 3261 Nithardum
1088 3199 1142 3259 Hi-

42 3301 107 3355 utu.
130 3292 150 3353 l
171 3291 325 3354 4verbum
339 3291 499 3362 inbreviare,
529 3288 583 3347 hoa
598 3292 644 3347 est
661 3288 767 3364 aliquid
788 3291 819 3346 in
842 3288 928 3347 breve
943 3305 993 3344 seu
1013 3285 1141 3344 inventa-

39 3381 110 3438 rium
128 3369 246 3437 r'eferre.
288 3376 325 3434 de
350 3375 467 3453 pittacio
489 3373 554 3431 vide
576 3374 661 3432 etium
683 3374 864 3434 Heribertum
883 3371 1063 3432 Rosweidum
1089 3389 1141 3428 no·

39 3471 130 3522 strumo
146 3464 179 3521 in
196 3460 381 3520 Onomastieo
397 3460 435 3517 ad
451 3458 532 3517 Vitas
546 3465 666 3536 patrum.
708 3459 836 3517 Zonaras
854 3459 883 3516 in
893 3456 1009 3535 ¹concilii
1021 3454 1141 3515 Cartha·

39 3550 165 3628 pirensis
183 3548 328 3605 Canones:
350 3543 473 3626 βρὲβιον
492 3541 516 3623 ἦ
536 3540 660 3624 ἐπιτομὴ
679 3542 792 3626 λέγεται
806 3543 856 3605 καὶ
869 3541 1017 3620 σύντομος
1025 3535 1140 3623 γραφή.

40 3635 154 3717 βρεβίο)
177 3627 238 3715 γὰρ
260 3625 338 3692 aurai
357 3631 510 3703 Λατίνους
526 3625 560 3692 ad
581 3627 692 3710 τέμνοι,
713 3628 764 3691 καὶ
786 3629 925 3712 βρεβίτας
949 3625 1138 3707 ήσυντομία.

2 3808 3 3813 ,
124 3772 154 3829 p.
169 3749 191 3814 4
205 3768 232 3808 v.
248 3747 296 3812 14.
317 3747 481 3824 De-origiue
494 3748 571 3805 vocis
581 3741 738 3809 πιττάκιον
749 3747 819 3809 haec
833 3743 1050 3823 Moschopulus:
1067 3764 1138 3804 πετ-

39 3832 128 3900 τύκια
134 3839 282 3916 Δωρικῶς
295 3829 333 3894 roi
345 3828 437 3896 tratri
452 3829 660 3914 περιτμήματα
671 3837 732 3896 τῶν
743 3833 918 3916 δερματίοιν,
933 3823 1032 3910 οἶφόὖ
1050 3826 1139 3910 ἡμεῖς

39 3917 180 3986 πιττοῖιιια
195 3920 328 4001 λέγομεν.

103 4034 294 4104 Masabopuluo
304 4027 540 4087 xrrrdmullorico
555 4031 710 4101 pronuntiat,
731 4034 760 4085 et
770 4023 1138 4098 mambraaaarivepellioeam

40 4104 152 4159 obartam
163 4105 225 4156 sive
233 4119 412 4189 pergamenum
422 4102 560 4170 signifieat.
592 4101 619 4153 in
630 4102 718 4159 eodem
742 4117 818 4154 seusu
837 4100 926 4154 audies
943 4097 1034 4164 vulgus
1051 4096 1136 4147 Graa-

40 4192 123 4228 oorum
140 4177 306 4241 λεμπρηιοτ
325 4171 420 4224 dicare.
460 4186 637 4237 nonnunquam
649 4177 736 4222 nmen
751 4171 869 4238 diploma
886 4168 990 4222 tabutas
1010 4167 1085 4217 brana
1097 4181 1141 4216 ao·

41 4245 138 4296 diulus
159 4243 259 4305 refert;
281 4248 385 4312 tumque
404 4239 536 4295 materiam
555 4256 589 4293 na
607 4238 803 4308 auaupluis,
825 4237 872 4292 rad
895 4236 922 4289 in
942 4231 1142 4305 rariptisleotis·

41 4327 86 4380 que
96 4312 147 4367 tibi
158 4310 313 4366 dotandum.
391 4355 402 4363 .
