3092 4942
504 361 562 428 ΒΕ
587 362 767 430 OFFIGHS
795 363 853 434 GP.
871 365 957 432 GAP.
978 363 1089 434 xvu.
1296 367 1344 440 93

230 534 313 621 -yloc
337 530 493 618 γενομένης
519 528 671 618 κάθηνται
691 534 722 600 oi
740 542 894 618 βασιλεῖς,
927 544 984 604 τοῦ
1006 537 1162 626 τρισαγίου
1189 539 1223 606 δέ
1246 536 1344 625 δ’μνοο

171 679 174 684 -
245 637 396 729 ᾀδομένου
419 634 439 719 ἢ
460 643 521 702 τῶν
543 637 751 706 ιλιιοστολικῶν
773 647 901 729 γραφῶν
923 639 944 726 ἢ
965 649 1026 710 τῶν
1048 646 1142 710 θείων
1167 641 1344 730 εὐαγγελίων

244 740 529 826 ἀναγινωσκομένων
551 738 729 806 ἀνίστανται
750 746 802 808 καὶ
827 744 923 836 αὐτοί.
975 747 1008 828 ἐξ
1028 741 1176 833 ἑκατέρων
1193 749 1227 813 δέ
1240 755 1343 835 μερῶν

242 850 298 910 τοῦ
313 847 391 909 raoni
403 844 530 920 ξυλίνων
542 842 641 908 σόσῶν
656 843 845 932 άναβαθρῶν
861 847 910 911 ἐπ’
930 846 1005 914 ariri
1020 857 1109 916 τοῦτο
1125 852 1340 934 πεποιημένων,

219 942 397 1028 οἱστάμενοι
409 944 510 1012 έπάνω
525 950 557 1011 ολ
566 972 599 1012 τε
616 946 838 1033 πρωτοψάλται
852 951 902 1014 καλ
922 949 951 1014 oi
965 952 1135 1035 δομέστικοι
1150 956 1199 1018 καλ
1214 953 1244 1018 oi
1259 954 1336 1020 άνα-
1355 973 1378 1026 c

241 1055 373 1134 γνολοτοι
380 1097 391 1128 ,
417 1047 471 1128 utic
484 1049 517 1128 έξ
529 1047 623 1128 ἔθους
638 1057 771 1138 παλαιοῦ
782 1051 915 1138 κράκτας
931 1055 962 1118 ἓν
976 1065 1043 1134 ταῖς
1057 1054 1211 1134 τοιαύταις
1225 1055 1339 1140 ὄνομά·-

243 1155 326 1231 ζουσι
347 1149 530 1239 πανηγύρεσι
549 1156 603 1218 καὶ
622 1159 771 1233 τελεταῖς,
803 1153 976 1239 ψάλλουσιν
997 1156 1122 1248 ᾄσματά
1143 1185 1210 1248 τινα
1231 1184 1337 1228 σοντε-

242 1259 420 1321 λοῦντακαλ
432 1254 608 1344 ἡρμοσμένα
624 1259 665 1334 είς
677 1257 717 1322 ni
731 1266 867 1330 τοιαῦτα.
919 1261 1078 1342 κατέχοοσί
1095 1263 1128 1326 δέ
1143 1263 1174 1339 έξ
1188 1261 1336 1350 ἑκατέρων

239 1365 341 1446 μερῶν
354 1359 414 1439 ἀνὰ
428 1362 497 1445 τρία
511 1358 655 1446 κοντάρια
662 1409 673 1440 ,
702 1360 809 1444 ἕλκοντα
828 1363 954 1428 ἕκαστον
974 1361 1086 1450 γόρους
1100 1365 1133 1429 ἓκ
1148 1363 1256 1446 ξόλων,
1283 1368 1336 1431 έκ-

200 1461 551 1549 λθκρεμαμέναςέγοιτα
570 1461 720 1530 κυκλόθεν
733 1465 867 1548 μετάξας
884 1467 1023 1544 κοκκίνας
1036 1469 1087 1533 καλ
1108 1467 1232 1548 λευκάς,
1260 1467 1334 1535 ὅσον

239 1564 464 1649 δισπιθάμους·
492 1565 513 1630 ἃ
534 1569 585 1631 καλ
605 1567 684 1649 μετὰ
706 1568 740 1634 τδ
762 1575 944 1654 τελεσθῆναι
963 1569 1018 1653 τὴν
1037 1574 1224 1657 λειτουργίαν
1237 1599 1335 1659 προη-

237 1675 361 1753 γοῦνται
372 1677 426 1734 τοῦ
437 1671 605 1751 βασιλέως,
631 1677 691 1736 τῶν
706 1671 892 1756 κατεχόντων
908 1671 987 1738 nitri
1004 1672 1170 1760 προϊόντων
1186 1678 1236 1738 καλ
1249 1682 1333 1758 ψαλ-

237 1770 350 1838 λόντων
369 1773 459 1860 μέχρι
483 1775 534 1836 καί
555 1779 610 1838 τοῦ
629 1771 764 1860 μεγάλου
788 1779 953 1842 παλατίου·
979 1778 1036 1842 τίνι
1057 1778 1091 1842 δὲ
1105 1774 1207 1866 τρόπῳ
1224 1781 1334 1863 γίνεται

236 1881 343 1954 τοῦτο,
368 1872 385 1939 ὃ
399 1873 489 1960 λόγος
504 1877 642 1960 ζητεῖται.

198 1993 229 2046 15
332 1978 514 2064 Ἀρχομένου
532 1981 567 2044 δὲ
582 1976 759 2062 ψάλλεσθαι
773 1984 829 2044 τοῦ
848 1980 896 2044 ἐπὶ
915 1984 955 2066 τῇ
966 1975 1086 2065 μεγάλῃ
1100 1975 1209 2066 είσόδῳ
1224 1979 1332 2062 ὕμνου,
1349 1986 1374 2040 D

236 2076 390 2169 έρχόμενοι
405 2082 435 2146 oi
449 2080 631 2167 ἐντιμότεροι
648 2088 709 2148 τῶν
721 2079 871 2148 διακόνων
883 2087 938 2166 τῆς
950 2083 1108 2166 ἐκκλησίας
1123 2090 1333 2169 προσκαλοῦν-

235 2211 285 2250 ται
308 2185 361 2250 τόν
381 2186 519 2268 βασιλέα.
578 2183 651 2250 ὁδί
671 2183 791 2271 έρχεται
809 2185 879 2267 μετ’
903 2184 1005 2252 αὐτῶν
1028 2187 1071 2262 εἷς
1093 2184 1149 2267 τὴν
1171 2187 1332 2270 λεγομένην

234 2284 397 2374 πρόθεσιν,
428 2285 507 2353 ένθα
531 2296 642 2354 κεῖνται
665 2289 705 2354 τὰ
733 2288 815 2373 ἅγια.
866 2285 909 2352 έτι
929 2289 964 2354 δέ
989 2286 1049 2366 ἔξω
1073 2294 1128 2371 τῆς
1154 2291 1330 2376 προθέσεως

234 2387 392 2474 ἱστάμενος
409 2389 543 2456 ένδόεται
558 2389 659 2456 ἐπάνω
679 2399 734 2458 τοῦ
753 2390 867 2457 σάκκου
887 2393 939 2456 καλ
962 2398 1020 2456 τοῦ
1041 2387 1229 2474 διαδήματος
1248 2419 1328 2475 μαν-

190 2492 312 2562 aonias
327 2501 472 2581 χρυσοῦν.
522 2497 572 2560 καλ
590 2502 627 2582 τῇ
642 2495 698 2578 μέν
710 2498 797 2585 δεξιᾷ
810 2496 889 2580 χειρὶ
903 2495 1020 2577 κατέχει
1036 2494 1089 2560 τόν
1102 2493 1251 2582 σταυρόν,
1285 2493 1328 2572 aig

234 2594 365 2680 σύνηθές
379 2598 442 2663 έστι
459 2607 578 2684 κρατεῖν
588 2598 641 2663 τὸν
651 2599 797 2679 βασιλέα,
823 2597 896 2664 ὅταν
911 2601 963 2662 καὶ
975 2597 1009 2665 τδ
1025 2599 1144 2679 στέμμα
1159 2609 1262 2684 φορεῖ,
1287 2605 1327 2685 τῇ

232 2701 266 2765 δέ
283 2700 428 2791 ἀριστερᾷ
447 2701 562 2782 κατέχει
577 2697 731 2786 νάρθηκα.
782 2703 877 2788 ἐπέχει
893 2707 967 2785 γοῦν
983 2697 1050 2766 τότε
1065 2698 1150 2776 τάξιν
1164 2701 1326 2785 ἐκκλησια-

230 2807 335 2887 στικὴν
355 2801 395 2888 ἣν
410 2809 537 2870 καλοῦσι
550 2810 604 2869 τοῦ
620 2802 799 2870 δεποτάτουζ
847 2812 967 2890 κρατῶν
984 2796 1038 2870 οὖν
1054 2799 1214 2890 ἀμφότερα
1232 2801 1324 2886 ὄβα-

298 2998 333 3054 10
347 2998 492 3062 κοτκίνονς
507 2996 555 3052 καλ
573 2993 683 3067 ἄστροις
698 2993 768 3054 ὅσον
783 2997 959 3065 δισπιθάμας
976 2995 1021 3049 ΑΒ
1116 3005 1127 3028 ·’

229 3170 392 3238 mystagogia
408 3169 559 3238 peragitur,
584 3169 755 3238 imperatores
777 3168 879 3222 sedent.
915 3171 942 3220 at
966 3166 1106 3220 decantato
1131 3167 1258 3238 trisagio,
1280 3169 1324 3224 rei

229 3239 380 3309 apostolicis
396 3239 535 3310 scripturis
551 3240 701 3307 divinisque
719 3237 864 3305 evangeliis
881 3236 972 3304 lectis,
995 3243 1106 3304 surgunt
1123 3245 1150 3289 et
1167 3237 1230 3309 ipsi.
1266 3255 1324 3294 curn

229 3316 312 3361 autem
329 3317 440 3376 utraque
457 3325 490 3360 ex
508 3317 584 3376 parte
601 3308 691 3376 tempii
709 3307 812 3376 ligneae
829 3307 989 3359 anabathrae
1013 3305 1081 3358 hunc
1104 3304 1188 3375 ipsum
1205 3308 1232 3360 in
1248 3325 1323 3363 nsum

229 3385 375 3430 exstructae
399 3377 466 3444 sint,
494 3394 560 3446 quaa
584 3385 713 3446 occupant
737 3375 915 3446 protopsaitne
942 3383 970 3428 et
991 3374 1128 3428 domestici
1154 3388 1181 3429 et
1198 3377 1323 3448 lectores,

228 3461 293 3514 quos
318 3445 403 3499 veteri
427 3463 498 3499 more
523 3447 550 3499 in
574 3445 720 3500 huiusmodi
738 3445 906 3516 panegyricis
923 3444 998 3498 festis
1015 3453 1043 3498 et
1059 3445 1250 3498 initiationibus
1269 3446 1323 3499 cla-

227 3523 339 3568 matores
356 3524 460 3583 vocant,
481 3516 527 3584 qui
543 3525 641 3568 canunt
659 3514 762 3568 cantica
779 3517 906 3583 quaedam
924 3515 973 3567 huc
991 3515 1117 3567 facientia
1133 3523 1161 3567 et
1177 3531 1322 3568 accommo-

227 3585 301 3648 (λοοκς
318 3584 363 3652 qui
379 3592 490 3653 utraque
506 3601 539 3636 ex
556 3594 631 3656 parte
647 3593 738 3636 tenent
754 3592 809 3637 tres
828 3584 925 3651 hastas,
943 3583 1047 3636 circulis
1061 3583 1154 3650 ligneis
1172 3584 1320 3654 insignitas,

226 3670 259 3704 ex
282 3654 376 3721 quibus
398 3652 538 3706 in'orbem
555 3652 643 3723 ¹panni
668 3653 746 3706 serici
771 3654 888 3706 coccinei
914 3661 941 3706 et
957 3653 1062 3704 candidi
1079 3653 1227 3720 dependent
1244 3655 1321 3721 quasi

225 3721 331 3775 duarum
348 3721 543 3792 spithamarum.
578 3741 645 3791 quae
663 3723 782 3789 (hastae)
801 3731 907 3790 peracta
923 3721 1030 3790 liturgia
1044 3722 1227 3790 imperatorem
1241 3731 1319 3775 antea

225 3793 335 3858 cedunt,
359 3791 393 3842 iis
417 3799 445 3844 st
468 3793 514 3860 qui
534 3791 613 3862 ipsas·
627 3800 734 3860 portant
768 3793 936 3845 raeeuntibus
958 3798 985 3842 et
1002 3791 1166 3844 cantantibus
1184 3807 1267 3864 usque
1286 3791 1320 3846 ad

223 3877 342 3930 magnum
357 3860 492 3931 palatium.
528 3878 580 3930 quo
599 3872 685 3914 autem
702 3811 778 3914 motio
796 3861 846 3912 boc
862 3862 917 3928 fiat,
935 3859 1004 3913 ratio
1022 3860 1169 3929 quaeritur.

224 3977 233 3992 ⁸
290 3963 403 4026 Quando
419 3963 503 4032 igitur
518 3961 546 4016 in
562 3981 656 4031 magno
678 3964 788 4019 introitu
805 3963 943 4018 inchoatur
959 3962 1086 4030 hymnus,
1111 3961 1266 4016 accedentes
1284 3979 1318 4016 ex

222 4031 433 4087 honoratioribus
450 4032 576 4085 ecclesiae
593 4033 711 4086 diaconis
726 4033 841 4086 invitant
856 4033 1047 4103 imperatorem.
1082 4031 1127 4087 ille
1144 4048 1200 4084 cum
1218 4031 1269 4094 iliis
1285 4049 1318 4084 ss

221 4103 325 4158 confert
345 4103 380 4155 ad
401 4101 485 4155 iocum
509 4100 555 4169 qui
578 4102 710 4170 prothesis
729 4102 891 4184 appellatur²
920 4101 966 4156 ubi
990 4108 1081 4154 sancta
1103 4101 1220 4170 reposita
1243 4108 1314 4156 sunt.

221 4177 334 4226 ceteram
355 4172 442 4226 adhuc
467 4179 542 4225 extra
566 4171 795 4239 prothosin.stans
817 4172 903 4226 indust
923 4188 1004 4241 super
1024 4186 1128 4224 saccata
1150 4169 1178 4224 et
1194 4168 1316 4222 diadema

220 4241 505 4309 mandyamaurenm
533 4240 627 4291 dextra
649 4254 729 4292 manu
750 4248 824 4294 tenet
845 4257 960 4308 crucem,
986 4247 1064 4309 prout
1089 4237 1169 4290 moria
1187 4244 1227 4290 est
1243 4225 1315 4292 ierne

220 4305 412 4378 imperatorem,
428 4309 534 4378 quando
549 4315 638 4376 gestat
653 4317 770 4362 stemma.
795 4309 903 4364 sinistra
921 4318 994 4366 tanet
1011 4308 1158 4362 nnrtbecom
1177 4323 1223 4360 seu
1240 4306 1314 4360 feru-

220 4376 279 4437 un.
313 4379 445 4450 habetque
460 4386 523 4431 tuuc
540 4378 624 4432 locum
640 4376 844 4435 ecdosiastioum
859 4395 937 4448 quen
953 4386 1051 4436 vocant
1066 4374 1196 4446 deputati.
1229 4375 1313 4446 impa-
