3092 4942
494 392 499 402 .
545 336 593 405 IN
620 337 770 410 conull
797 338 881 410 GAP.
905 336 951 410 Π.
1214 342 1289 413 ’175

196 506 300 581 luisse,
320 504 421 563 sedin
442 500 563 583 palatio,
584 522 644 563 non
656 509 743 565 extra
786 510 816 564 et
830 504 933 585 probat
949 503 1003 567 hoc
1018 522 1052 565 ex
1071 501 1091 565 l.
1105 508 1125 571 7
1138 500 1290 586 Nicephori

197 591 357 667 Gregorae3
378 589 455 665 apud
475 608 559 665 quem
579 594 674 649 tamen
693 588 761 650 nibil
781 590 862 649 buius
875 592 994 651 invenio.
1033 590 1119 651 verba
1133 592 1191 649 eius
1205 593 1288 652 dabo.

198 674 215 739 d
235 674 267 738 ll
288 671 425 746 Prusiade
446 667 504 754 τήν
524 697 556 737 τε
572 669 680 736 οτάοιν
705 674 757 736 καλ
778 672 811 739 τὸ
829 670 948 757 άξίοιμα
965 679 1021 739 τοῦ
1037 675 1086 740 ἐπὶ
1108 680 1162 754 τῆς
1179 676 1290 756 τραπέ-

198 763 250 839 ζης
270 755 353 839 παρά
372 761 429 820 τοῦ
452 754 581 839 μεγάλου
600 752 785 841 κεκλήρωται
805 762 1057 835 Κωνσταυτίνου,
1085 758 1104 823 d
1128 758 1161 823 dl
1189 765 1289 825 Πελο-

197 838 399 924 amputante
421 838 457 904 τά
482 848 539 905 τοῦ
564 846 740 923 πρλγκιτιος,
773 842 793 906 d
814 842 848 905 δὲ
873 850 928 925 τῆς
944 840 1079 925 Ἀττινῆς
1101 866 1132 907 τε
1152 844 1204 908 iol
1228 850 1290 909 τῶν

196 924 339 1011 Ἀθηνοῖν
359 921 488 1009 άργηγάς
506 925 540 991 τὸ
565 933 620 989 τοῦ
637 923 766 1009 μεγάλου
783 924 905 1007 bovada,
928 928 991 994 ὅδὲ
1008 935 1062 1009 τῆς
1075 933 1220 1004 Βοιωτίας
1237 931 1292 995 aul

197 1019 258 1077 cciv
277 1015 388 1094 Θηβῶν
406 1009 439 1075 ια’
459 1017 514 1075 τοῦ
531 1006 662 1093 μεγάλου
678 1016 912 1097 πριμμικιγρλου,
934 1011 953 1077 o‘
968 1011 1002 1077 di
1019 1019 1074 1094 τῆς
1088 1009 1217 1098 μεγάλης
1231 1012 1292 1096 νή-

197 1118 254 1163 σου
272 1098 411 1170 Σικελίας
428 1093 462 1159 τά
480 1102 535 1160 τοῦ
554 1092 663 1178 μ’τγγάς,
685 1098 736 1160 nai
758 1096 843 1161 άλλοι
865 1095 950 1161 άλλα.
990 1119 1042 1159 nec
1055 1099 1109 1159 alio
1120 1100 1191 1177 loco,
1206 1118 1291 1175 quent

198 1185 314 1245 adducit
336 1183 524 1260 Glossarium,
542 1183 573 1240 id
589 1184 710 1243 affirmat
726 1183 883 1263 Gregoras,
910 1185 962 1245 sed
983 1191 1094 1244 tantum
1115 1186 1182 1243 dicit
1194 1186 1223 1243 in
1238 1206 1293 1265 po-

196 1277 302 1330 stremo
321 1268 483 1327 Thessaliae
505 1268 642 1346 principe,
663 1269 711 1344 qui
735 1275 797 1328 erat
816 1269 934 1348 loannes
954 1268 1064 1346 Ducas,
1085 1270 1218 1329 defecisse
1230 1291 1292 1329 ma-

197 1357 287 1415 iorum
303 1354 505 1411 successionem
526 1359 557 1411 et
573 1354 804 1413 aobmtooatomm
825 1355 1026 1433 principatum,
1058 1355 1106 1431 qui
1133 1356 1169 1414 ab
1192 1354 1292 1416 Alexio

199 1442 344 1499 Comneuo
366 1438 431 1497 talis
453 1457 515 1496 esse
537 1443 662 1517 poterat:
692 1444 725 1497 ut
742 1440 817 1497 enim
837 1458 939 1499 nomen
961 1441 1097 1519 despotac
1118 1440 1229 1500 transiit
1252 1442 1291 1499 ad

197 1526 268 1585 alios
283 1524 437 1602 principes,
456 1525 498 1581 ita
518 1523 602 1582 etiam
620 1542 723 1583 nomen
737 1525 968 1583 sebastocratoris
991 1544 1026 1585 ex
1044 1524 1108 1586 aula
1133 1527 1170 1584 ad
1190 1526 1292 1602 priuci-

198 1630 250 1691 pes
267 1610 430 1668 Thessaliae
447 1627 576 1667 manasse
600 1608 719 1669 videtur.
769 1610 844 1668 adde
864 1612 942 1685 quod
968 1608 1053 1671 Anna
1074 1610 1142 1669 dicit
1163 1608 1293 1669 Alesiam

114 1765 117 1774 y
197 1715 302 1756 novum
315 1713 417 1753 nomen
434 1694 623 1771 composuisse
641 1692 674 1755 ἔτι
694 1697 751 1756 τοῦ
769 1696 917 1773 σεβασιοῦ
932 1693 984 1756 καὶ
997 1699 1055 1757 τοῦ
1064 1689 1292 1775 αὐτοκράτορος.

149 1804 153 1809 ·
199 1781 341 1857 quomodo
361 1780 423 1858 ipse
441 1778 547 1856 primus
563 1779 709 1837 hacc‘duo
729 1779 759 1837 in
779 1798 867 1838 unum
886 1782 1037 1858 conflavit,
1057 1781 1081 1838 si
1092 1798 1194 1839 nomen
1207 1780 1292 1840 hoca

199 1865 381 1925 Constantini
398 1864 494 1941 magni
513 1883 583 1924 aevo
605 1862 771 1923 descendit?
812 1864 939 1925 Zonaras
958 1861 1065 1927 καινάν
1085 1860 1182 1943 ὄνομα
1199 1871 1293 1925 vocat.

200 1952 343 2029 quomodo
357 1942 480 2026 καινάν,
500 1950 526 2007 si
550 1969 569 2011 a
588 1948 777 2008 Constantino
796 1950 920 2027 magno?
960 1950 1033 2009 idem
1053 1967 1088 2008 ex
1104 1950 1166 2029 ipso
1180 1950 1292 2009 Codiuo

198 2038 271 2096 satis
285 2035 464 2095 manifestum
480 2038 534 2092 est
576 2052 614 2091 an
630 2052 733 2092 nomen
752 2035 986 2111 superintendant&
1006 2036 1071 2092 ideo
1090 2052 1194 2093 norum
1207 2040 1294 2111 esset,

199 2122 265 2181 licet
284 2120 420 2178 Glossarii
438 2125 535 2177 auctor
552 2117 665 2177 scholae
684 2117 832 2177 Leidensis
849 2120 1081 2197 superintendens
1102 2118 1294 2179 salutareturt

201 2206 350 2266 translatio
370 2204 482 2280 quidem
501 2205 539 2262 ad
563 2203 636 2261 hunc
655 2203 796 2263 bominem
814 2223 888 2267 nova
901 2210 993 2281 esset,
1010 2206 1063 2263 sed
1077 2222 1132 2263 vox
1144 2205 1207 2281 ipsa
1220 2224 1295 2267 nova

200 2312 260 2351 non
276 2296 352 2350 esset
373 2293 475 2367 utpote
493 2289 549 2347 iam
575 2290 684 2368 pridem
700 2289 731 2346 in
748 2295 917 2349 novatorum
930 2290 1037 2349 circulis
1058 2290 1295 2349 decantatissima.

109 2452 111 2454 ‚
199 2378 287 2435 etiam
306 2381 496 2435 antecessores
509 2371 601 2431 Alexii
622 2374 681 2436 hoc
696 2374 795 2432 morbo
816 2374 995 2453 laborarunt,
1023 2381 1052 2434 et
1072 2375 1102 2433 in
1119 2375 1214 2453 primis
1234 2372 1296 2432 Ino

199 2461 399 2542 philosophus,
420 2460 469 2534 qui
491 2465 565 2517 teste
585 2458 699 2518 Zonara
719 2459 857 2518 Zautzem
875 2461 1033 2539 Stylianum
1049 2478 1108 2517 non
1121 2465 1232 2519 tantum
1246 2460 1297 2518 de-

199 2548 325 2625 signavit
341 2544 505 2624 magistrum
527 2549 557 2602 et
575 2545 665 2604 dromi
690 2542 883 2625 logothetam,
907 2548 960 2607 sed
985 2552 1015 2605 et
1037 2564 1111 2607 novo
1134 2546 1295 2623 excogitato

202 2632 314 2693 nominc
333 2623 570 2711 βασιλεοτεάτομα
585 2630 721 2689 nominari
740 2630 837 2690 voluit

269 2720 508 2807 οεβαοτοκράτωγ]
550 2724 684 2807 diguitatis
709 2724 765 2778 eins
793 2725 962 2779 instituendae
993 2740 1093 2778 οτοεοτι
1116 2726 1197 2779 refert
1220 2686 1296 2779 Anna

204 2798 334 2853 &muana
348 2796 500 2849 institutoris
525 2794 582 2846 fila
602 2792 739 2845 Alexiados
754 2794 774 2848 l.
797 2796 824 2850 3.
859 2796 965 2848 loannes
986 2794 1068 2848 Marii
1099 2794 1166 2849 lilius
1192 2811 1298 2849 conces-

204 2884 246 2920 ιοε
269 2873 363 2937 patruo
384 2865 495 2918 bonores
517 2862 643 2944 serravit,
667 2868 696 2921 nt
719 2861 747 2913 ln
768 2862 822 2915 eius
847 2864 902 2915 vita
927 2870 1016 2915 nanat
1038 2863 1155 2917 Nicetes.
1188 2862 1296 2946 loannes

203 2936 271 3019 idem
298 2933 441 3021 Mannelem
463 2939 590 3015 quattuor·
607 2930 717 3051 filippum
739 2931 860 3053 1ιιλιίγιγγιοοι
867 2930 1295 3053 'ppptppropppptplpnpop'poevffi

203 3000 804 3157 lusbbddbi'bffbudbabbibmfibldbutoacbblteorgm
825 3073 958 3150 vocatum,
984 3066 1067 3149 missis
1082 3067 1110 3119 in
1126 3018 1296 3152 urbcmpami-

204 3143 669 3273 nat‘tzttfflttt
685 3138 1080 3259 “tibtttttltptttt
1090 3152 1228 3273 l'iffmll'
1236 3152 1296 3267 ,2¹33
1407 3242 1410 3251 .

204 3276 270 3346 napi
290 3279 341 3331 τοῦ
362 3277 418 3330 τῶν
440 3271 513 3330 ὅλων
530 3270 615 3336 αυτὸς
636 3268 709 3328 εἶναι
725 3271 820 3341 κάρτος
836 3274 1007 3345 διαμιλληθῇ
1023 3268 1073 3327 ἅτε
1090 3268 1148 3327 άπὸ
1165 3269 1295 3342 γενέσεως

205 3344 247 3430 εἰς
261 3341 314 3415 τὴν
329 3340 467 3415 διαδοχὴν
484 3346 534 3414 τῆς
551 3341 689 3417 βασιλείας
704 3340 880 3425 καλούμενος.
908 3348 945 3427 'ut
961 3348 1132 3427 potestatact
1145 3342 1295 3425 insignibus,

205 3412 1299 3567 tttffiffllttt'nltltttltllinsatiabilitatis

205 3570 278 3675 tlt
291 3550 1298 3700 'ratlvttlztattt'ttt⁰tltt¹tzlttltttatlffitts

205 3689 348 3761 insignivit.
382 3690 469 3760 plures
484 3690 588 3759 insuper
605 3706 636 3741 co
654 3689 760 3772 nomine¹
769 3687 844 3742 simul
861 3696 963 3772 ornatos
976 3690 1057 3771 refert
1074 3693 1228 3771 memoratus
1245 3686 1298 3770 bli-

206 3766 299 3900 tta
314 3774 425 3882 didi
440 3758 1053 3892 ltultttltstttllttttllt?
1068 3756 1155 3825 “dl‘'
1180 3757 1298 3810 ΗΜ

289 3918 420 3978 Observa
438 3914 548 3975 Iunium
566 3914 652 3976 verba
670 3915 718 3976 illa
740 3935 769 3993 p.
789 3920 810 3981 7
830 3936 856 3976 v.
874 3914 894 3979 5
919 3918 1037 3997 πρῶτος
1057 3910 1133 3977 κατά
1151 3907 1206 3977 τάν
1228 3906 1299 3992 γρό-

206 4025 263 4066 νον
286 4009 395 4062 vertere
410 4000 529 4080 etsocile
540 4005 643 4081 prinus
657 4021 706 4080 per
721 3998 792 4059 illud
805 4006 913 4080 tempus.
953 4002 1056 4079 inepte.
1096 4001 1300 4060 amentiorem

206 4094 303 4166 verte,
322 4087 368 4146 vel
385 4085 469 4147 Arma
487 4087 632 4146 comnena
650 4085 832 4174 l¹3²indice,
853 4104 927 4162 quac
945 4086 981 4145 de
1002 4086 1099 4147 Isaaco
1118 4086 1206 4144 fratre
1231 4079 1299 4139 Alc-

206 4173 246 4232 xii
260 4173 414 4249 comneni,
440 4176 559 4254 πρῶτον
583 4175 644 4235 τοῖν
660 4163 802 4248 alstano
824 4167 900 4235 κατά
920 4166 1030 4257 χρόνον
1048 4167 1123 4236 ὄντα
1144 4168 1236 4251 ἐχρῆν
1255 4188 1300 4229 τι·

208 4263 352 4340 podiens
367 4250 523 4339 άξιάματι.

742 4359 745 4367 l

572 4380 576 4388 ’
650 4380 853 4397 *ιι-ι
934 4382 937 4387 ·
