3092 4942
302 339 374 411 146,
457 333 669 406 GRETSERI
681 335 736 400 ET
751 333 883 440 GOde
897 331 1228 400 COMMENTARIUS

297 503 411 587 γωρίαν
429 521 480 560 seu
496 471 704 564 taaaosbotao.
746 498 931 558 examinemus
949 494 1074 576 singulas
1086 499 1146 558 eius
1159 498 1286 578 ineptias·
1328 498 1392 558 caio

298 583 512 667 α’ντιμινσίων,
533 586 703 658 adnabam,
722 585 951 662 antimaualium,
969 584 1063 659 inquit
1079 590 1131 643 etc.
1174 605 1193 644 a
1208 603 1295 644 matra
1311 585 1391 643 dcco·

298 677 398 734 minati
415 677 476 732 suaet
496 670 529 736 ol
541 665 735 751 dvctplvaiot,
757 672 836 748 quati
855 669 930 727 dicat
953 669 1155 742 antemetuales,
1177 672 1224 748 qai
1238 669 1275 728 ad
1287 685 1391 728 sacram

298 777 413 818 mearam
425 760 542 836 pactam
557 756 747 834 acceptabantur
762 761 789 812 et
802 757 998 814 communionem
1013 753 1246 814 ecclaoidiaeate.
1285 754 1315 813 ta'
1324 755 1392 812 enim

297 848 376 924 prius
394 862 474 922 pam
488 842 687 901 admitterentur
705 837 743 896 ad
769 840 968 896 communionem
994 857 1113 916 sacram,
1144 836 1260 898 solebant
1278 839 1392 898 ecclesiis

300 934 365 988 aute
377 945 492 987 mamam
505 930 568 986 steti
579 921 630 988 aad
643 919 697 986 adu
710 925 771 983 τῶν
787 915 982 1003 doccptoalorv
996 917 1139 1001 ἄρχοντα,
1155 929 1299 1000 posteaque
1309 922 1393 982 eodem

297 1019 441 1095 praeeunte
460 1011 561 1071 adduci
577 1010 615 1070 ad
631 1010 846 1080 communionem,
876 1005 1020 1086 stipatam
1037 1007 1301 1086 testatamfaoeoet,
1332 1006 1393 1065 illoc

230 1115 233 1126 ·
302 1118 365 1158 saco
392 1099 496 1156 amnites
519 1099 551 1155 ia
568 1112 651 1154 anam
670 1112 762 1170 capas
783 1091 911 1151 coctaisoe
931 1108 990 1151 cam
1011 1091 1116 1150 cbristo
1139 1098 1165 1149 et
1190 1093 1298 1152 ecclesia
1329 1095 1392 1150 etas.

304 1185 348 1243 bic
365 1172 461 1242 atatem¹
474 1184 545 1240 ritas
565 1174 601 1241 cd
621 1172 809 1256 decalvator
831 1177 919 1235 dictas
934 1181 981 1234 est.
1021 1175 1132 1234 fabulae
1148 1174 1296 1254 plusquam
1306 1173 1394 1235 Aeso-

302 1257 397 1348 picam
415 1267 516 1341 quibus
535 1262 693 1323 refellendis
720 1261 769 1320 diu
797 1259 934 1340 immomri
957 1259 997 1318 nil
1016 1263 1068 1320 erit
1090 1279 1219 1338 neeesse,
1239 1263 1288 1320 ubi
1304 1263 1394 1339 ipsam
1458 1317 1462 1322 .

303 1353 450 1412 veritatem
477 1349 718 1427 explicaverim,
757 1364 810 1404 nec
830 1346 941 1404 aliunde
962 1345 1016 1403 uisi
1039 1364 1073 1403 ex
1102 1345 1272 1404 Graecourm
1296 1364 1396 1405 mouu-

302 1437 415 1496 mentis.
456 1435 525 1510 quid
540 1435 626 1512 igitur
641 1438 709 1491 suut
723 1431 900 1490 acticando?
930 1433 1102 1502 antimeaoia,
1123 1431 1214 1506 iuquit
1233 1430 1318 1490 illein
1331 1430 1397 1488 lure

303 1519 362 1579 GR
376 1520 423 1578 fol.
437 1519 516 1593 289,
538 1524 635 1578 scimea
643 1519 711 1595 fian
728 1516 824 1590 solita,
845 1515 1090 1594 aaaadoepiscopao
1101 1521 1250 1574 consecrato
1262 1516 1398 1574 dedicato-
1438 1517 1440 1520 ’

303 1605 355 1684 que
366 1604 461 1682 tonepto
470 1624 587 1683 paucam
597 1621 699 1661 maurae
711 1595 873 1660 subdentem
886 1619 1049 1678 mensamque
1057 1619 1103 1658 sea
1113 1600 1198 1659 altare
1211 1605 1353 1676 tegentem,
1368 1602 1398 1658 ia

297 1687 392 1767 fructa
405 1688 544 1747 decatum
554 1692 706 1766 potitaque
714 1685 892 1745 sacerdotibus
907 1684 1059 1755 distribuit,
1082 1689 1113 1742 ut
1127 1699 1157 1742 co
1164 1685 1285 1763 praediti
1295 1686 1398 1762 sacrifi-

304 1777 375 1833 ciam
393 1773 487 1850 offerre
509 1779 616 1850 queam.
656 1778 724 1830 sunt
747 1771 833 1848 igitur
853 1771 1011 1828 antimeaa'a
1032 1787 1066 1826 ea
1087 1787 1158 1844 quae
1180 1771 1256 1846 apud
1279 1768 1398 1827 Latinos

303 1857 407 1938 lapides
430 1861 575 1916 carmentali
595 1875 646 1915 seu
672 1874 737 1915 arae
757 1855 914 1933 portabiles,
944 1854 1005 1912 sine
1033 1853 1133 1929 quibus
1161 1854 1322 1912 sacrificium
1339 1853 1398 1912 fieri

303 1961 363 2000 non
376 1947 488 2020 potest,
507 1943 532 2000 si
552 1941 611 2000 non
625 1941 758 1999 offeratur
773 1941 803 1997 in
820 1940 901 1998 altari
920 1959 971 2016 per
990 1957 1022 1996 se
1042 1939 1165 2014 alioquin
1185 1947 1346 1998 consecrato
1368 1944 1398 1996 et

303 2028 442 2086 dedicato.
485 2026 615 2086 dicuntur
629 2029 801 2101 aatimcmia,
828 2025 893 2102 quia
912 2030 979 2082 sunt
993 2023 1055 2082 loco
1073 2043 1185 2081 mensae
1198 2043 1248 2082 seu
1258 2044 1322 2082 arae
1331 2042 1398 2082 con-

304 2117 429 2169 sectatae
445 2113 561 2188 eiusque
580 2113 668 2171 vicem
687 2110 823 2182 subeunt;
846 2111 974 2184 fiuntque
994 2128 1029 2166 ex
1047 2127 1141 2187 panno
1152 2110 1241 2168 diviso
1255 2117 1284 2169 et
1297 2110 1327 2167 in
1340 2110 1399 2165 fru-

304 2202 351 2254 sta
364 2197 503 2273 dissecto,
523 2216 558 2255 ex
573 2196 636 2272 illo,
651 2197 784 2270 iuquam,
801 2213 896 2270 panno
911 2195 958 2269 qui
974 2193 1061 2250 altare
1077 2193 1112 2250 ab
1130 2195 1261 2272 episcopo
1276 2196 1313 2252 de
1326 2212 1400 2251 novo
1495 2227 1500 2236 ·

284 2286 497 2338 ‘consecratum
515 2281 653 2340 vestiebat
673 2284 704 2336 et
722 2279 854 2336 ornabat:
880 2279 934 2336 hoc
950 2278 1022 2335 enim
1039 2278 1240 2354 operimentum
1258 2280 1287 2336 in
1305 2283 1400 2357 partes

305 2357 428 2442 minutas
442 2365 593 2422 dissectum
605 2363 790 2422 distribuebat
802 2364 948 2443 episcopus
961 2363 1162 2440 sacerdotibuS,
1175 2369 1209 2421 ut
1222 2369 1321 2442 postea
1334 2383 1399 2440 par-

305 2449 377 2506 tium
392 2449 509 2506 istarum
525 2449 657 2508 beneficio
674 2448 835 2507 suentisium
858 2449 888 2508 in
913 2447 1046 2508 altaribus
1073 2449 1157 2508 etium
1170 2467 1229 2507 nou
1254 2467 1400 2508 cartaeoru-

308 2533 345 2590 tis
360 2533 462 2591 offerre
475 2541 600 2613 possent.

376 2665 403 2717 p.
416 2648 433 2702 5
444 2665 471 2701 v.
484 2650 526 2702 18.
542 2647 704 2716 budanensis,
715 2646 790 2718 quusi
799 2664 901 2700 mmao
911 2663 1002 2700 samaa
1012 2646 1403 2718 ciceassumpta,suntGraeco-

309 2730 363 2768 rum
376 2715 468 2769 ultoria
480 2717 623 2784 portatilia,
638 2717 718 2769 lintea
730 2717 843 2768 nimirum
855 2717 932 2768 sacris
945 2715 1057 2784 reliqniis
1075 2716 1172 2781 ditatu,
1194 2725 1323 2786 unguento
1336 2735 1401 2786 quo-

309 2800 363 2904 puc
380 2801 455 2838 sacro
472 2785 585 2839 delibuta
602 2803 634 2838 uc
650 2785 781 2855 pontificis
797 2785 972 2838 benedictione
989 2785 1022 2866 ad
1034 2783 1132 2837 missam
1144 2785 1212 2840 iniis
1224 2787 1401 2840 celebrandum

327 2853 437 2907 adiecta.
471 2860 597 2908 uteorum
608 2872 669 2925 usus
679 2860 721 2909 est
730 2854 756 2907 iu
766 2855 954 2920 communione,
976 2853 1205 2922 quinciacensem
1220 2856 1336 2926 suscipit,
1350 2853 1401 2908 illis

309 2922 416 2991 praefici
432 2923 567 2998 aptentur.

395 3030 533 3101 Quocirca
558 3030 668 3106 quaerit
690 3028 736 3088 ille
758 3029 789 3086 in
817 3025 881 3086 lure
904 3026 1171 3108 Graeco-Romano,
1212 3029 1277 3109 qaid
1291 3029 1401 3108 faam-

309 3111 373 3174 dam
390 3117 417 3172 c·
435 3116 521 3174 domm
539 3118 714 3185 autumantia,
746 3133 806 3174 cam
830 3118 886 3172 siae
906 3114 946 3172 trio
974 3115 1102 3174 celebrare
1128 3136 1180 3175 aaa
1210 3115 1308 3174 liceat?
1357 3133 1402 3172 re-

309 3216 445 3274 sponsum
475 3200 519 3257 lais
552 3200 644 3258 verbis
671 3200 768 3258 datar:
808 3201 965 3260 antimeasta
994 3204 1023 3258 ia
1051 3201 1168 3259 omnibus
1193 3203 1293 3258 sanctis
1308 3201 1403 3256 meam

311 3282 379 3360 (hoc
398 3289 443 3339 est
463 3283 610 3362 altaribus)
624 3289 692 3362 poni
707 3303 808 3343 necesse
827 3304 876 3344 aaa
897 3291 950 3360 ert,
982 3285 1028 3342 sed
1049 3287 1079 3342 in
1097 3283 1185 3342 iio'de
1204 3285 1298 3364 quibas
1316 3287 1403 3342 iacer-

311 3372 369 3426 tam
388 3385 451 3424 mam
470 3374 634 3427 concordiae
651 3371 705 3427 siat
724 3387 811 3428 necne.
852 3389 915 3428 nara
934 3372 1092 3428 antinomia
1111 3369 1196 3427 locam
1212 3372 1328 3428 obtineat
1342 3389 1404 3427 coo-

311 3457 474 3510 secratamom
500 3470 668 3524 truaconem,
703 3473 750 3512 acc
771 3457 809 3512 iio
834 3473 897 3531 opus
916 3458 955 3512 est
976 3455 1023 3512 abi
1045 3472 1146 3513 mensas
1167 3460 1331 3514 consecratas
1350 3472 1404 3511 esse

311 3539 423 3594 coastat.
465 3554 500 3594 ex
520 3537 620 3612 quibus
640 3537 746 3612 liquido
766 3543 847 3615 patet
865 3557 936 3614 quae
954 3539 1011 3596 sint
1029 3541 1203 3608 antinomia,
1223 3540 1286 3616 quis
1307 3557 1404 3596 eorum

309 3638 395 3696 usus,
420 3639 522 3699 nempe
540 3621 615 3680 idem
634 3640 749 3697 prorsus
769 3624 818 3697 qui
838 3626 917 3702 apud
940 3642 993 3680 nos
1012 3622 1140 3686 altarium
1160 3625 1334 3700 portatiliaoe
1351 3641 1404 3680 seu

309 3703 447 3782 lapidum,
471 3711 505 3763 ut
521 3725 666 3782 vocamus,
690 3713 912 3782 consectatorem,
934 3725 1052 3783 quorum
1067 3708 1201 3768 beneficio
1220 3714 1317 3786 potest
1340 3707 1405 3783 quis

310 3789 396 3848 otiam
414 3790 445 3847 in
465 3809 523 3850 non
542 3795 704 3850 consecrato
724 3789 805 3850 ulturi
821 3794 967 3852 celebrare.
1011 3794 1089 3868 quod
1106 3813 1174 3871 ergo
1193 3813 1245 3852 uos
1255 3811 1405 3873 possumus

297 3872 366 3952 *hoc
382 3875 495 3953 medio,
519 3876 549 3934 id
569 3876 668 3934 Graeci
690 3875 808 3951 quibant
829 3897 879 3953 per
902 3882 1073 3950 octimena'a,
1099 3878 1153 3936 hoc
1170 3885 1214 3936 est
1231 3898 1282 3957 per
1309 3883 1410 3955 partes¹

310 3960 466 4035 tegumenti
480 3960 553 4018 illius
574 3963 652 4038 quod
670 3980 775 4022 novum
794 3961 898 4040 altare,
930 3965 1044 4040 quaudo
1065 3963 1200 4042 templum
1224 3962 1406 4023 consecraba-

310 4047 375 4121 tur,
394 4052 551 4124 operuerat
907 4075 909 4084 ι

202 4144 224 4197 Ρ
242 4147 293 4208 170
392 4144 471 4229 Inter
486 4153 592 4206 ceteras
610 4150 787 4225 quaestiones
812 4148 911 4208 Ioanni
932 4149 1021 4208 Citrio
1042 4149 1204 4227 propositas
1228 4147 1297 4207 baec
1322 4148 1407 4206 etiam

311 4249 368 4289 una
383 4238 463 4309 erat,
486 4251 523 4292 an
540 4236 697 4294 uestimenta
711 4239 791 4294 mam
804 4236 913 4294 caleant
928 4239 957 4294 ia
970 4237 1033 4294 atta
1040 4237 1223 4312 praeiudicet
1240 4235 1409 4305 auecta,

310 4317 440 4379 medam
452 4321 482 4378 ia
495 4319 609 4380 dioscori
618 4322 734 4400 anceps·
743 4323 902 4380 manantia
925 4319 976 4380 aa
997 4323 1171 4384 oomemaatis
1190 4326 1216 4379 et
1237 4319 1409 4398 conficientis.
