3092 4942
487 317 941 406 mormulam
1176 337 1251 412 κιο

151 495 254 575 calcei,
276 515 352 556 nuuc
373 493 519 575 sandalia,
544 514 620 556 nunc
639 461 751 576 ocreae,
777 515 852 556 nuuc
874 495 1004 578 crepidae
1023 506 1178 564 vertamur.
1220 509 1252 564 et

67 655 70 658 ,
152 583 265 658 quidem
289 575 410 667 ἐρυθράΙ
431 583 532 653 mbo,
553 577 679 645 κόκκιαα
699 601 749 640 seu
771 584 955 663 κοκκοβαφῆ
973 605 1048 645 rocco
1068 591 1169 664 triecto,
1191 609 1250 649 non

150 668 212 727 siue
225 667 341 742 aquilis3
365 685 437 743 quae
450 671 480 725 ct
493 663 614 748 τζοὶγγαι
628 685 679 725 seu
692 661 812 749 τζαγκαι
834 668 1014 748 dicebantur,
1033 688 1124 746 usqne
1141 675 1180 734 ad
1200 695 1251 752 ge-

150 772 208 811 nua
222 752 428 831 pertingentia,
445 752 470 809 si
484 751 553 810 fides
567 751 706 831 Procopio
718 751 740 812 l.
754 753 775 815 3
791 753 828 811 de
840 754 971 812 aedificiis
984 754 1140 817 Iustiniani.
1174 757 1250 823 sisso-

150 831 270 916 ιλήμαια
289 835 372 918 μέχρι
396 837 438 910 εἰς
459 831 532 916 γόνυ
552 841 697 914 φοινικοῦ
716 831 888 917 χρώματος,
910 834 933 902 ἃ
951 836 992 920 λη’
1008 842 1132 920 βασιλέα
1151 839 1250 920 μόνον

147 920 343 1001 Populares
364 919 415 981 καλ
436 924 564 998 Περσῶν
585 919 769 985 α’ποδεῐσθαι
792 921 892 998 θέμις.
933 926 1054 1002 posteris
1078 929 1266 1005 temporibus,

148 1007 225 1065 idem
238 1007 328 1066 honos
341 1005 459 1086 principi
472 1005 621 1084 Bulgariae
646 1025 810 1084 concessus,
830 1009 905 1067 inter
925 1011 1004 1069 cuius
1018 1011 1147 1088 insigms
1167 1019 1250 1073 mant

148 1113 232 1152 aaran
246 1112 359 1165 corono,
379 1097 412 1149 ut
432 1096 477 1149 est
494 1093 571 1170 apud
591 1092 726 1152 Ioannem
745 1093 948 1172 Cnropalatam
967 1095 998 1153 in
1019 1095 1176 1174 Tzimisee,
1196 1098 1250 1161 καλ

138 1170 238 1254 ’τιάρα
259 1173 426 1254 κεκραμένη
445 1176 478 1239 ἐκ
501 1169 633 1256 βύσσου,
660 1176 714 1238 καὶ
733 1175 841 1240 πέδιλα
863 1174 996 1260 ἐρυθρά,
1027 1197 1099 1256 quae
1119 1183 1250 1242 Ζοιιαιοο

147 1266 217 1320 suut
244 1254 441 1339 φοινικόχροα
468 1266 497 1319 et
520 1261 640 1321 Nicetae
666 1262 696 1320 iu
722 1259 829 1321 Ioanne
856 1263 1004 1324 Comneno
1024 1269 1248 1347 φοινικοβαφῆ.

147 1347 223 1406 idem
246 1345 431 1423 Bulgarorum
453 1345 582 1426 princeps
597 1346 712 1406 Graecis
727 1341 867 1426 βασιλεύς
883 1349 1092 1430 appellabatur,
1113 1358 1146 1411 ut
1159 1352 1249 1429 liquet

147 1451 182 1490 ex
193 1431 334 1508 legatione
347 1428 515 1509 Luitprandi
531 1433 568 1490 ad
579 1431 769 1510 Nicephorum
783 1431 923 1512 Phocum,
943 1454 1000 1512 quo
1015 1437 1126 1495 nomine
1145 1457 1182 1495 ue
1195 1438 1248 1498 im-

146 1523 305 1596 peratorem
320 1515 432 1592 quidem
447 1516 607 1576 Occidentis
624 1517 833 1595 dignabantur,
853 1537 938 1594 quem
958 1521 1035 1601 ῥῆγα
1048 1521 1245 1600 indigitabant.

147 1622 182 1661 ex
195 1601 292 1660 calceis
306 1601 453 1680 purpureis
466 1607 496 1659 et
509 1602 660 1678 aquiliferis
674 1603 788 1679 agnitus
805 1609 850 1662 est
864 1605 937 1663 inter
956 1625 1100 1665 caesorum
1120 1606 1246 1666 cumulos

146 1692 177 1746 et
194 1686 315 1746 trrmulos
332 1687 535 1746 Constantinus
548 1688 661 1746 ultimus
676 1687 800 1767 Cpoleos
818 1689 979 1766 imperator.
1000 1690 1143 1750 Phranzes
1158 1696 1177 1753 3
1194 1698 1248 1758 18.

145 1773 197 1832 has
221 1772 347 1851 crepidas
368 1768 518 1853 ἐρυθρός,
538 1779 572 1832 ut
596 1792 645 1832 eas
668 1773 794 1851 appellat
815 1773 958 1851 Gregoras
973 1775 992 1834 l.
1007 1780 1042 1851 3,
1064 1778 1246 1852 quemadmo-

146 1859 215 1916 dum
236 1864 265 1917 et
286 1875 455 1935 purpuram,
482 1857 578 1916 statim
597 1858 768 1936 arripiebant
787 1858 826 1916 illi
842 1861 890 1935 qui
905 1860 1051 1938 imperium
1064 1860 1246 1920 invadebant.

147 1948 320 2021 quapropter
355 1943 391 2000 de
420 1941 574 2002 Theodoro
597 1944 744 2002 Comneno
766 1949 850 2022 capta
876 1943 1079 2005 Thessalonica
1103 1947 1245 2024 Georgius

144 2027 308 2107 Acropolita
320 2027 350 2086 iu
362 2025 519 2086 Chronico:
542 2029 717 2109 πορφυρίδα
737 2051 769 2089 τι
791 2023 958 2091 ιλποδιλεται
977 2027 1029 2090 καλ
1049 2027 1154 2092 πέδιλα
1174 2032 1245 2111 ipo-

144 2108 219 2196 θρα.
261 2113 376 2188 obitque
395 2119 497 2171 ιλιοιιαο
515 2116 685 2190 imperatorio
706 2117 816 2188 munia,
838 2115 948 2173 αιαπιλο
971 2113 1109 2192 ιλιφολαι,
1127 2115 1243 2174 ιιλοιιοὲ

144 2203 284 2271 mutones,
303 2217 413 2274 magnos
426 2197 591 2272 ἀοκιοιλιοοι,
613 2200 869 2276 protovestiurr'oset
880 2200 912 2256 id
923 2219 1007 2276 gaius
1021 2198 1097 2258 altos.
1141 2199 1243 2275 quibus

143 2289 211 2342 ante
225 2283 318 2341 omnia
329 2283 471 2340 invasores
485 2284 589 2360 sceptri
611 2284 782 2362 imperatorii
799 2283 996 2361 privabantur,
1018 2303 1103 2360 quam
1122 2286 1243 2362 primunr

142 2370 173 2427 in
186 2368 372 2446 legitimorum
386 2367 561 2426 dominorum
579 2373 751 2447 potestatem
769 2367 928 2428 veniebant
969 2388 1101 2427 coronam
1122 2369 1243 2446 impera—

144 2454 245 2512 toriam
258 2472 340 2512 nemo
353 2451 406 2510 sibi
419 2453 564 2534 sumebat,
580 2455 633 2512 sed
652 2455 682 2513 in
701 2454 882 2514 coronatione
894 2473 946 2514 seu
958 2454 1173 2534 inauguratione
1188 2471 1242 2514 sua

142 2559 161 2598 a
174 2537 332 2618 pahiarcha
344 2537 505 2616 accipiebat.
527 2577 533 2592 ,

227 2677 255 2736 p.
271 2655 311 2719 51
325 2677 350 2716 v.
362 2658 402 2720 21
417 2664 447 2716 et
460 2677 488 2734 p.
503 2653 545 2722 54
557 2675 583 2716 v.
598 2659 627 2719 6.
655 2655 777 2733 pilaticia
796 2661 975 2715 accersuntur
998 2677 1017 2715 a
1039 2655 1118 2731 Cyro
1138 2651 1239 2711 Persa-

141 2761 205 2799 rum
227 2761 310 2818 rege,
338 2742 394 2801 imo
416 2740 563 2816 albiadis,
589 2757 708 2815 quorum
730 2759 779 2797 rex
800 2747 830 2798 et
850 2742 954 2798 iudices
979 2741 1048 2798 talia
1064 2738 1186 2817 pilaticia
1205 2754 1241 2795 ex

141 2827 213 2886 collo
236 2827 425 2904 dependentia
448 2826 586 2902 gestarint
604 2830 739 2898 tanquam
763 2825 870 2882 iuridici
890 2826 1004 2883 honoris
1025 2829 1056 2881 et
1077 2823 1160 2881 officii
1172 2823 1241 2878 iusi-

141 2912 217 2988 gnia.
259 2911 392 2985 quicquid
412 2911 450 2968 sit
472 2911 508 2968 de
527 2927 575 2985 re,
595 2907 759 2966 vocabulum
781 2909 893 2978 videtur
911 2907 1045 2967 Latinum
1066 2926 1084 2964 a
1094 2908 1166 2984 pilo,
1183 2906 1238 2963 hoc

141 3002 187 3053 est
201 2995 262 3055 telo.
304 3013 370 3053 nam
384 2995 461 3068 quod
474 2994 570 3052 Iunius
584 3011 619 3050 ex
644 2991 834 3050 Orientalibus
852 2991 954 3067 lisignis
973 2993 1004 3050 id
1024 2991 1153 3066 deducit,
1175 2991 1237 3066 qui·
1253 2995 1276 3048 P
1292 2995 1345 3049 222

141 3081 194 3138 bus
212 3080 251 3137 ait
266 3079 419 3157 pilota'cs'um
432 3098 486 3136 essa
501 3080 693 3156 disquisitionis
706 3081 732 3136 et
746 3081 963 3137 remotissimae
975 3079 1134 3151 cognibbns's
1147 3094 1236 3132 κιοκα-

140 3171 270 3239 mentum,
291 3165 321 3220 id
344 3164 408 3221 ideo
427 3163 494 3221 fecit
515 3182 551 3221 ne
575 3163 742 3219 nesciremus
765 3179 849 3237 quam
870 3161 986 3220 feliciter
1001 3179 1088 3236 supra
1102 3153 1238 3235 ζωΰφιοα

139 3270 175 3308 ex
189 3249 309 3306 Arabico
323 3248 463 3320 formarit3
481 3268 541 3306 non
553 3246 652 3324 impari
664 3245 798 3306 felicitate
816 3247 938 3325 pilaticia
963 3265 998 3304 ex
1018 3245 1135 3304 Oriente
1153 3243 1236 3302 nobis

139 3355 215 3393 nunc
231 3334 352 3392 advehit.
393 3335 457 3392 vide
469 3339 536 3392 tom.
552 3338 570 3396 8
586 3332 621 3390 de
635 3333 666 3391 S.
682 3333 773 3390 Cruce
795 3333 813 3394 1
837 3333 884 3393 13.
925 3331 1031 3406 ubique
1053 3334 1147 3387 anum
1167 3330 1237 3386 seri-

138 3420 262 3478 bendum
276 3419 458 3494 πιλαιλκιον,
480 3438 537 3476 uon
552 3411 757 3489 ιῖπιλαιίκιον,
778 3417 883 3495 sceptri
897 3435 1005 3493 genus,
1023 3415 1102 3491 quod
1118 3413 1237 3491 palatini

137 3505 207 3566 certi
225 3505 378 3581 gerebant,
406 3504 640 3580 quemadmodum
666 3501 713 3562 alii
737 3501 819 3562 multi
840 3498 876 3565 sd
896 3502 1084 3570 ιλικακίκιοο,
1112 3517 1200 3579 supra
1215 3498 1235 3556 l.

67 3635 73 3647 .
138 3596 202 3656 2c.
219 3593 254 3652 6.·
979 3590 982 3594 “

207 3687 243 3739 ib.
260 3701 287 3739 v.
305 3687 347 3740 λλ.
369 3679 595 3806 ἄρροαιόποολοκ
616 3677 746 3753 donante]
772 3684 904 3750 Gregoras
927 3682 962 3737 sd
987 3680 1107 3735 historiae
1123 3679 1233 3732 calceare

137 3756 204 3822 περί
219 3771 249 3823 γε
264 3748 321 3836 pris
333 3751 383 3822 τῆς
419 3751 452 3805 πὶ
467 3754 591 3822 κεφαλῆς
605 3748 779 3821 καλύπτρας,
794 3746 841 3806 ini
863 3753 920 3804 cois
941 3747 1079 3832 πρότερρκ
1098 3744 1234 3832 pusitius

140 3821 210 3886 ἔθος
227 3839 294 3883 vove
309 3816 360 3889 pir
375 3819 465 3942 χρόκορ
482 3815 739 3944 πραβρβηκόιαςηέκ
761 3825 823 3880 τοῖς
839 3819 1233 3942 βαοιλρῖζοιόἱδρρηρὲαραριρλρὲ

136 3889 408 4029 ttttztdtltit
423 3905 912 4026 iaiffliiiiisiliiil,iiiii
936 3951 968 4011 o
987 3905 1099 4027 ςῖλο,
1117 3949 1235 4034 aava,

136 4026 172 4085 di
187 4028 295 4114 priscae
314 4025 451 4111 καθάπαξ
473 4022 633 4082 ολκοὶλοπιοκ
660 4025 731 4096 ἔχειν
753 4022 807 4094 τὴν
828 4022 964 4097 κεφαλήν.
986 4025 1072 4107 subdit
1097 4023 1233 4076 λοιλιοιιιαι

121 4101 248 4154 daurons
271 4104 359 4154 aetate
383 4098 505 4170 pileorum
530 4113 596 4164 quae
617 4097 717 4150 luberet
741 4102 873 4165 acceptam
900 4112 916 4148 a
943 4093 1231 4166 prooemiorum,

136 4169 244 4224 iuvenes
259 4185 322 4224 vero
341 4167 418 4222 edam
434 4173 503 4220 tecto
520 4164 604 4237 capite
618 4164 740 4249 palatium
757 4165 943 4236 frequentasse.

178 4338 185 4354 ·
206 4288 234 4341 p.
246 4271 282 4326 53
293 4271 347 4325 aa
362 4263 542 4338 προσφόροις
557 4261 681 4352 λέγρκιιρ
695 4266 817 4352 στίχους]
833 4283 921 4321 rasus
933 4269 964 4320 ut
978 4264 1121 4346 odabratpa
1131 4257 1230 4342 lausj-

82 4344 88 4358 “
136 4343 187 4414 tata
210 4355 351 4413 αοιιςιιιοι,
373 4339 412 4394 ita
433 4337 507 4394 sinui
528 4353 648 4411 proprias
670 4343 833 4410 imperatoris
856 4335 947 4392 hadas
970 4340 999 4389 ιι
1025 4329 1183 4388 manarum
1205 4343 1233 4380 ιιι
1258 4374 1265 4394 ,
