3092 4942
253 358 326 429 184
402 354 614 423 GRETSERI
632 350 687 419 Et
704 352 839 422 notul
858 352 1190 421 COMMENTARIUS

254 524 406 602 copiarum:
422 527 453 580 at
466 522 496 579 in
506 520 595 579 altero
605 520 645 581 29
656 520 809 578 stationem
822 518 939 578 obtinet.
959 521 1000 583 86
1009 518 1102 579 lacum
1112 524 1209 579 tenent
1222 516 1353 599 ῥαβδοῦ-

149 623 169 673 Ρ
190 623 240 677 190
255 633 311 690 χοι.
329 609 467 685 interpres
480 608 564 664 vertit
587 607 706 673 lictum
725 610 824 663 noster
841 604 926 663 index
948 604 1118 663 rhabduchis
1138 611 1221 663 caret.
1240 609 1353 663 suntet

256 693 335 753 aliae*
349 694 540 769 diversitates,
559 708 631 766 quas
658 690 747 749 lector
767 695 867 748 munia
888 688 1035 766 utriusque
1060 689 1182 768 catalogi
1208 690 1354 751 collatione

257 778 456 858 deprehendet

343 885 370 942 p.
387 865 447 924 9v.
464 865 512 926 11.
545 859 681 918 Pincerna
704 858 860 935 pocillator.
888 855 1017 916 scribitur
1041 858 1126 916 etiam
1150 855 1300 937 πικέρνης.
1325 856 1357 915 in

258 949 350 1007 indice
363 949 434 1007 Iuris
445 944 687 1004 Graeco-Romani
703 948 857 1001 annotatur
869 949 899 1001 et
912 942 1085 1019 approbatur
1098 943 1181 1001 lectio
1191 944 1247 1001 ista
1256 941 1279 1003 o‘
1295 942 1358 1003 iare-

207 1049 210 1062 ¹
259 1033 376 1111 κὲρνης.
395 1035 446 1092 sed
465 1039 591 1090 tueamur
601 1030 758 1107 vulgatam:
781 1028 884 1104 alioqui
899 1027 986 1105 paulo
1000 1032 1068 1107 post
1081 1033 1214 1107 exsurget
1229 1028 1277 1103 qui
1290 1027 1359 1085 divi-

260 1120 313 1178 sim
333 1120 410 1197 legat
424 1116 441 1182 ἆ
455 1115 501 1179 iai
517 1116 633 1198 κέρνης.
700 1127 703 1131 ’

329 1234 395 1286 itia.
427 1234 552 1301 piarem
581 1228 678 1281 Latinis
700 1227 777 1281 dictio
807 1226 925 1297 cognita,
955 1242 990 1278 ex
1021 1240 1088 1293 qna,
1123 1228 1154 1277 ut
1184 1228 1273 1278 rentur
1303 1224 1359 1293 qui·

262 1302 335 1369 dem,
356 1302 568 1353 Greeaobarbars
586 1293 746 1365 arpsr'prnct
772 1302 807 1349 at
817 1298 840 1349 si
856 1295 915 1349 mihi
932 1294 1009 1347 fidem
1024 1310 1075 1345 non
1092 1293 1192 1347 omuino
1210 1294 1362 1363 dempseris,

261 1372 322 1439 ipsa
349 1366 481 1437 πικέρνης
503 1384 623 1436 germane
647 1368 750 1419 Graeca
766 1372 824 1433 est,
849 1364 923 1435 qnasi
942 1356 989 1416 tat
1005 1357 1119 1429 uineae,
1143 1364 1240 1445 parulis
1256 1367 1363 1431 praefa-

263 1449 330 1492 ctus.
364 1440 415 1490 sais
439 1439 544 1489 verbnm
560 1432 710 1502 κεράννυμι
725 1434 779 1487 vini
797 1432 955 1504 temperandi
970 1431 1014 1484 vel
1033 1430 1153 1484 miscendr
1169 1432 1364 1499 significantium

263 1508 401 1575 adeptum,
423 1506 494 1558 cuins
520 1506 577 1558 vice
602 1506 690 1569 uspvai
713 1506 813 1575 profert
836 1504 947 1571 vulgus;
973 1502 1007 1553 ab
1029 1516 1061 1552 eo
1085 1493 1169 1567 κέρνη
1186 1502 1319 1569 pocillatio
1336 1506 1364 1553 et

261 1577 404 1645 praebendi
424 1575 514 1626 aalide
532 1576 720 1642 ministerium,
745 1590 777 1625 aa
800 1567 816 1626 ὁ
839 1566 885 1625 ἐπὶ
900 1568 1000 1637 πιέρνης
1014 1569 1179 1637 pocillationi
1195 1572 1249 1621 siae
1263 1570 1365 1638 morelio

263 1647 442 1714 praepositura
468 1643 560 1696 exinde
577 1642 676 1695 duabus
691 1643 718 1694 in
735 1657 810 1693 unam
828 1640 968 1693 contractis
985 1636 1140 1690 dictionibus
1155 1637 1187 1689 fit
1203 1655 1251 1706 per
1267 1638 1365 1706 aphae-

264 1713 343 1765 resim
359 1709 507 1780 πικέρνης,
523 1730 556 1763 ex
572 1712 701 1763 affinitate
717 1711 751 1763 ad
769 1710 890 1762 Latinum
907 1709 1051 1778 pincernam
1069 1706 1146 1759 etiam
1159 1702 1306 1773 πιγκέρνης
1316 1722 1365 1757 vo·

266 1789 355 1847 catus,
373 1782 417 1851 qni
435 1781 553 1833 cedreno
567 1781 595 1833 in
614 1780 760 1847 Theophila
779 1775 932 1847 οἰνοχοῶν,
958 1776 1071 1829 Nicetes
1089 1776 1106 1827 l.
1127 1778 1141 1829 1
1159 1775 1244 1827 Alexii
1260 1778 1363 1827 uuicui-

266 1847 372 1971 ppsiopp,
395 1851 413 1905 l.
432 1854 447 1904 1
464 1846 635 1971 Aidffi⁰i⁶i'i
653 1844 700 1969 ipsi
711 1844 886 1969 madopupog
902 1848 1004 1931 (vinum
1016 1842 1170 1964 upupitpisre
1185 1843 1365 1964 ⁸ippotpp'pudpfl:

266 1918 450 2109 ιξε1,ωὲ8ἷε1
472 1937 522 2070 {uit
544 1935 770 2109 &iiiimxiiii
779 1930 1364 2119 ἕηίιὲἰωῶἱῖἔηεςᾶὴῗζιὲὴηέίαάιγίξ,8ιῖτὲῇῖ

267 2074 362 2108 cerac
389 2074 412 2109 n
432 2073 460 2108 us
480 2074 507 2109 m
529 2072 561 2109 eo
585 2074 692 2126 prmum
719 2072 761 2124 egi
795 2072 834 2124 po
892 2072 939 2125 poe
969 2068 1078 2121 assurge
1106 2068 1151 2121 pm
1186 2068 1273 2103 comm
1301 2068 1352 2101 aa

268 2120 285 2177 ὁ
303 2122 351 2178 ἐπὶ
367 2122 493 2194 κέρνης.“
1100 2158 1102 2162 -

353 2230 388 2288 ib.
403 2248 429 2287 v.
446 2231 493 2290 12.
529 2228 712 2307 Cnropalata]
734 2246 852 2305 nomen,
872 2222 905 2285 nt
923 2226 1051 2302 videtur,
1069 2244 1168 2284 acuta
1184 2224 1289 2303 palatii
1306 2226 1365 2283 for‹

266 2319 394 2371 matum·
423 2312 595 2388 Euagriusb
616 2322 647 2373 l:
670 2306 881 2392 vivaniensis
900 2314 955 2388 τῆς
977 2306 1072 2389 αὐλῆς
1089 2308 1365 2388 ἔμπεπιστευμένος,

267 2393 306 2456 iiv
321 2394 550 2474 κουροπαλάτην
559 2395 583 2476 ἦ
592 2395 742 2473 Ῥωμαίων
755 2396 832 2475 λέγει
846 2392 946 2475 φωνή.
969 2414 1053 2471 quem
1063 2396 1209 2472 descripsit
1223 2396 1366 2473 Corippus

266 2480 342 2539 land.
356 2480 425 2538 lust.
452 2485 463 2541 1
495 2481 556 2543 185
577 2486 606 2538 et
629 2480 675 2538 lib.
701 2484 807 2546 2282.
848 2480 943 2541 Latini
969 2498 1071 2539 nomen
1092 2480 1270 2557 curopalatae
1291 2481 1368 2539 varie

268 2568 439 2643 depravant:
460 2564 525 2622 hinc
534 2566 610 2642 apud
622 2562 830 2643 Luitprandnm
843 2566 874 2624 in
883 2566 1024 2645 legatione
1040 2571 1085 2623 est
1097 2564 1195 2623 Leonis
1209 2566 1367 2643 coropalati,

268 2656 299 2708 et
318 2652 395 2728 apud
417 2647 543 2708 Leonem
564 2650 723 2709 Ostiensem
748 2652 885 2731 compluti.
914 2638 1172 2729 κουροπαλᾶτισσα
1197 2670 1267 2708 uxor
1287 2671 1368 2709 curo-

269 2735 397 2814 palatae,
418 2741 449 2792 et
471 2737 739 2814 cauponuiurlmou
756 2756 858 2796 munus
881 2756 932 2795 seu
953 2737 1076 2812 dignitas
1095 2735 1288 2813 curopalatae;
1310 2756 1368 2811 qua

268 2821 492 2898 insigniebantur
505 2822 587 2879 etiam
605 2821 752 2898 absentes,
768 2828 798 2881 et
814 2823 914 2897 quibus
929 2822 1027 2899 Cpolis
1050 2840 1102 2880 nec
1115 2821 1175 2879 visa
1192 2840 1243 2878 nec
1258 2822 1369 2879 fortean

269 2908 400 2966 videnda.
427 2906 552 2984 exempla
570 2906 693 2965 invenies
713 2908 744 2965 in
765 2908 857 2967 libello
878 2906 1058 2967 Constantini
1079 2905 1314 2985 Porphyrogeniti
1332 2907 1370 2964 de

270 2992 492 3051 administrando
506 2992 644 3069 Imperio..

356 3076 402 3135 De
416 3078 588 3155 Cnropalata
601 3078 707 3155 passim
720 3077 848 3136 Codinus
867 3076 897 3135 in
919 3095 973 3135 suo
991 3074 1100 3147 libcllo;
1124 3092 1207 3149 quem
1228 3073 1294 3132 olim
1308 3074 1371 3133 offi-

272 3161 345 3219 cium
356 3161 487 3230 habuisse
502 3164 558 3238 ait,
578 3164 630 3219 sed
642 3165 786 3240 ignotum,
803 3183 873 3221 nuuc
891 3180 964 3231 uero,
981 3161 1035 3219 hoc
1053 3166 1099 3217 est
1114 3166 1240 3237 tempore
1258 3160 1372 3237 Cadini,

271 3246 381 3304 nultum.
423 3244 593 3303 Alemannus
605 3249 642 3304 ad
653 3269 680 3325 p.
692 3249 734 3309 28
745 3248 874 3325 Procopii
890 3246 1028 3324 duplicem
1045 3244 1247 3321 Curopalatam
1259 3247 1371 3322 statuit,

270 3329 389 3387 alterum
400 3330 449 3404 qui
465 3331 518 3387 sub
528 3351 559 3388 se
568 3332 692 3391 habebat
701 3334 892 3411 praetorianos
907 3332 1025 3407 milites,
1046 3349 1164 3405 quorum
1177 3330 1271 3407 plures
1296 3332 1371 3389 ordi-

272 3434 342 3489 nes,
363 3415 511 3483 domestici,
535 3423 703 3491 prutectores,
725 3419 884 3491 silentiarii,
902 3418 938 3473 de
963 3416 1064 3491 quibus
1080 3414 1233 3491 Procopius
1249 3436 1277 3493 p.
1302 3416 1370 3478 108.

273 3518 309 3555 ex
321 3499 364 3555 his
376 3498 421 3555 alii
433 3500 462 3556 in
481 3500 553 3556 atrio
570 3506 600 3557 et
617 3502 754 3560 vestibulo
768 3504 862 3579 regiae
881 3501 1080 3577 versabantur,
1101 3500 1147 3559 alii
1167 3520 1219 3577 pro
1239 3500 1371 3559 cubiculis

272 3583 439 3641 desidebant
454 3589 483 3640 et
503 3586 632 3641 excubias
654 3587 777 3661 agebant
799 3590 847 3645 diu
864 3593 1022 3662 noctuque:
1050 3586 1079 3643 hi
1107 3583 1370 3663 σωματοφύλακες,

272 3665 375 3725 Latine
389 3668 562 3727 excubitores
575 3670 764 3749 vocabantur,
786 3673 824 3730 illi
840 3666 972 3749 φύλακες
985 3672 1040 3733 τοῦ
1054 3672 1213 3739 notariae,
1239 3672 1371 3729 custodes

273 3752 387 3830 palatii,
415 3756 547 3831 praetorii
566 3755 667 3813 milites
690 3776 741 3814 seu
764 3758 951 3835 praetoriani,
981 3757 1062 3815 aulae
1085 3756 1129 3815 vel
1157 3756 1237 3815 aulici
1261 3756 1371 3815 milites

273 3840 446 3915 praefectum
458 3840 502 3896 his
516 3841 660 3898 ordinibus
675 3847 791 3899 comitem
804 3846 1030 3921 praetorianorum
1051 3861 1101 3899 seu
1122 3842 1299 3900 excubitorum
1320 3862 1372 3918 ap-

273 3922 362 3998 pellat
374 3923 543 4001 lornandes,
564 3925 717 4005 Procopius
727 3932 875 4007 prirtcipem
895 3928 1031 3985 custodum
1042 3927 1157 4003 palatii,
1178 3926 1320 4004 Corippus
1336 3926 1389 3983 de'

272 4007 347 4065 laud
365 4008 434 4066 Iust.
448 4009 553 4071 Mine
575 4014 637 4077 285
658 4033 750 4071 curam
769 4014 879 4089 palatii.
900 4012 971 4072 alter
990 4010 1155 4089 curopalate
1177 4018 1238 4069 erat
1252 4030 1373 4089 praepo-

272 4093 345 4150 situs
358 4094 480 4153 fabricae
490 4094 604 4173 palatii,
624 4098 661 4154 de
675 4116 732 4173 quo
745 4099 932 4157 Cassiodorus
947 4098 1017 4155 libro
1032 4100 1051 4159 7
1066 4095 1131 4153 Var.
1146 4096 1227 4172 epist.
1244 4096 1280 4173 5,
1294 4096 1373 4155 cuius

274 4198 404 4255 magnam
427 4180 593 4255 dignitatem
611 4182 698 4241 fuisse
716 4186 805 4241 credit
825 4183 964 4242 Meursius
985 4182 1015 4239 in
1039 4180 1201 4257 Glossario,
1223 4184 1293 4261 quad
1309 4187 1375 4241 aute

273 4281 360 4337 regem
372 4264 557 4323 Theodericum
568 4286 678 4325 auream
696 4272 803 4342 uirgam
816 4278 925 4345 gestum
935 4270 1038 4344 primus
1059 4264 1195 4325 incederet.
1215 4274 1246 4328 ut
1267 4268 1374 4327 Cassio-

275 4349 369 4407 dorus:
391 4350 514 4427 primus,
542 4354 647 4429 iuquit,
674 4353 747 4411 inter
768 4354 903 4430 obsequia
926 4370 1089 4429 numerosa,
1113 4352 1161 4411 boa
1180 4360 1218 4413 est
1235 4374 1286 4413 uon
1306 4356 1375 4411 iuter
