3092 4942
463 305 882 376 ruooorurmr.xxr.
900 298 1037 400 xxti„
1125 359 1130 371 .
1225 309 1300 382 μοι

205 471 321 552 iodim
334 465 484 554 λαμπράν.
526 469 602 530 Besa
621 470 705 530 vertit
731 470 911 550 cplmdidonr,
930 471 1068 551 interpres
1083 477 1181 532 nomer
1201 472 1298 535 oldam.

204 559 347 637 approbat
367 557 422 616 hoc
450 557 648 634 casaubonus,
679 555 746 632 quia
767 551 906 637 inparatis
925 563 955 616 et
976 550 1082 618 λευκόν
1098 576 1185 636 saepe
1204 561 1303 620 eodem

203 644 362 720 significatu
377 648 556 720 usurpantur.
576 640 645 700 illud
666 641 761 721 critica
773 642 864 702 fanda
882 642 922 699 sic
938 642 1073 718 castigat:
1094 646 1184 720 magis
1198 663 1233 703 ex
1249 662 1303 703 rrsn

202 727 307 788 Latine
327 728 501 804 loquentium
519 726 654 787 dixissent
670 725 820 785 condidam.
843 725 943 786 mirum
968 725 1073 785 Bezam
1092 725 1225 787 hocloco
1244 749 1303 788 norr

203 815 291 874 finisse
310 831 461 874 memorem
482 830 551 871 snae
571 811 716 888 candidae,
746 831 765 870 a
786 811 891 871 fullone
918 812 1081 888 candentis,
1103 813 1181 870 cuius
1202 814 1304 876 iterum

201 898 308 957 oblitos
322 904 367 958 est
381 897 476 958 Iacobi
490 920 512 958 c
528 901 563 972 2,
586 897 653 954 dum
666 895 782 974 ἐσθῆτα
794 893 852 976 τήν
872 892 1013 976 λαμπράν
1028 897 1121 954 denuo
1141 897 1306 974 placidos

203 989 298 1044 sermm
311 983 519 1064 interpretatur.
541 981 645 1040 bonam
665 986 760 1040 tamen
783 1000 917 1061 operam,
935 982 989 1040 sed
1005 982 1086 1040 nimis
1106 971 1198 1040 seram
1218 991 1305 1043 navat

202 1069 285 1126 nobis
307 1074 402 1126 asceta
420 1069 490 1150 iste,
514 1067 582 1125 dum
607 1084 659 1125 nos
684 1067 768 1125 docet
796 1067 867 1142 quid
892 1068 929 1124 sit
954 1066 1144 1149 μαμγλλλιον,
1174 1067 1227 1125 sed
1253 1088 1305 1147 per

202 1153 398 1231 negationem:
417 1153 459 1212 ait
481 1153 556 1211 enim'
570 1152 767 1230 imperatorem
784 1152 891 1210 citrina·
904 1152 1070 1212 vestimenta
1084 1170 1242 1229 assumere,
1259 1154 1305 1212 sed
1354 1171 1361 1189 ι

202 1242 259 1296 sine
273 1238 399 1298 lindissi
409 1241 533 1316 pretiosis
540 1241 732 1314 praetenturis:
753 1237 802 1309 doc
814 1237 979 1313 margellinus
991 1239 1145 1315 sanificat,
1165 1258 1216 1296 non
1230 1257 1304 1296 mor·

201 1327 320 1400 garitae.
340 1322 442 1399 audis,
459 1319 539 1400 Iuni,
561 1321 629 1396 quid
647 1326 677 1378 te
691 1321 756 1380 olim
774 1321 906 1381 Generae
928 1322 1047 1380 incolam
1060 1323 1161 1389 doceat
1179 1323 1304 1380 eiusdem

199 1408 315 1466 scholae
329 1408 473 1483 quondam
488 1412 517 1464 et
536 1405 613 1463 urbis
627 1403 749 1464 insessor
768 1405 978 1466 casaubonus?
998 1407 1079 1465 mitte
1099 1426 1166 1484 ergo
1188 1409 1302 1466 tandem

96 1505 104 1517 '
200 1498 269 1550 tuas
281 1491 456 1568 margaritas.
476 1491 573 1550 vocavi
592 1508 694 1568 operam
714 1510 798 1550 ιιτιιοι
817 1499 947 1570 respectu
968 1492 1074 1568 nostri,
1097 1494 1164 1569 quia
1176 1493 1302 1570 iampri-

202 1579 270 1636 dem
280 1597 317 1636 ex
330 1576 497 1636 Balsamone
510 1582 540 1634 et
553 1574 612 1633 aliis
624 1574 768 1634 didicimus
783 1577 851 1651 quid
863 1578 922 1636 sint
935 1579 1085 1652 margellio.

292 1673 363 1726 ,106
375 1689 402 1728 v.
417 1671 457 1728 14.
473 1666 691 1740 τεσσαράκοντα]
719 1671 897 1725 defunctorum
914 1673 1067 1727 recolendae
1082 1673 1218 1726 memoriae
1233 1671 1302 1726 sacri

202 1746 264 1796 sunt
273 1689 329 1794 iias
341 1742 451 1806 tertius,
466 1757 547 1792 nonus
555 1779 564 1808 ,
600 1740 804 1808 uadmgmimnr,
821 1748 848 1793 et
858 1758 956 1795 annuus
971 1757 988 1792 a
1000 1750 1091 1795 morte.
1108 1747 1168 1804 τοῖς
1180 1743 1302 1795 τεθνεῶ-

202 1827 250 1863 σιν
266 1804 456 1876 ἀποτελεῖται,
474 1808 556 1878 inqnit
600 1810 735 1877 icephorus
752 1809 889 1873 Callistus,
907 1807 944 1862 soi
959 1811 1055 1877 τρίτα,
1078 1804 1113 1862 soi
1132 1806 1235 1862 ἔννοια
1252 1807 1300 1863 κοιλ

201 1873 241 1932 soi
256 1874 470 1948 τεσσαρακοσιολ.
488 1877 600 1930 rationes
612 1877 713 1930 subdita
731 1877 806 1930 tertio
818 1879 860 1932 die
872 1880 964 1948 faciei,
982 1893 1033 1947 qua
1048 1878 1205 1946 dignoscitur
1219 1880 1302 1945 homo,

203 1947 341 2000 discrimen
360 1947 524 2017 deperditur,
541 1963 606 1998 nono
624 1962 717 2016 corpus
739 1940 864 2014 ta'bescit,
889 1948 944 2001 solo
962 1948 1039 2000 corde
1054 1947 1137 1998 adhuc
1153 1947 1301 2016 incorrupto

202 2022 338 2082 manente3
356 2015 547 2086 quadragesimo
563 2013 665 2068 tandem
682 2015 758 2067 etiam
774 2031 820 2067 cor
836 2031 893 2069 cum
914 2015 1011 2086 reliqua
1028 2015 1142 2085 corporis
1158 2016 1224 2068 mole
1239 2016 1301 2069 tabo
1400 2075 1403 2081 ,

203 2085 412 2156 corruptionique
427 2103 458 2137 ex
474 2085 573 2152 integro
590 2083 667 2137 cedit.
685 2081 768 2154 aptius
785 2083 830 2136 alii
844 2078 881 2136 soi
897 2084 976 2153 τρίτα
991 2085 1062 2154 apud
1079 2085 1197 2137 Graecos
1214 2101 1302 2138 resur-

201 2153 340 2207 rectionem
355 2153 453 2223 Glrristi
467 2159 528 2222 post
542 2152 682 2206 triduanam
697 2151 867 2222 sepulturam,
883 2149 920 2206 soi
938 2149 1040 2206 ἔννοια
1051 2169 1143 2205 novem
1154 2154 1315 2222 angelorum,

203 2223 310 2286 choros,
334 2223 424 2292 quibus
446 2228 561 2274 mortuos
582 2220 719 2288 aggregari
740 2228 893 2292 precantur,
920 2216 956 2274 soi
979 2218 1183 2290 τεοσαρακοσιά
1208 2223 1303 2275 luctum

201 2289 336 2342 israelitici
358 2289 446 2361 populi
469 2290 496 2342 in
519 2289 620 2358 Moysis
645 2296 727 2342 morta
749 2289 783 2342 ad
807 2290 1024 2360 quadragesimum
1046 2306 1127 2359 usque
1150 2292 1215 2344 diem
1238 2308 1303 2360 pro-

202 2359 321 2426 ductum,
338 2375 390 2429 quo
406 2359 534 2412 defunctis
547 2357 665 2411 lacrimas
682 2375 823 2428 precesque
846 2365 983 2428 parentare
1003 2375 1154 2429 possumus,
1173 2361 1304 2414 affirmant

203 2427 349 2496 designare.
365 2428 438 2482 huius
453 2426 546 2480 mentis
564 2432 605 2480 est
621 2427 775 2498 Neophytos
793 2426 907 2482 Rhodius
923 2427 950 2481 in
962 2444 1010 2482 sua
1027 2427 1139 2499 synopsi
1154 2429 1303 2498 verucula,

202 2497 360 2550 Clementem
374 2497 401 2550 in
418 2497 529 2550 Constit.
546 2495 637 2566 Apost.
652 2496 669 2548 l.
687 2497 704 2550 8
720 2513 743 2550 c.
760 2495 795 2550 49
814 2506 926 2552 secutus.

271 2598 299 2651 p.
312 2583 361 2636 107
373 2598 400 2634 v.
413 2584 438 2636 1.
459 2581 515 2635 τῶν
530 2575 731 2649 νενομισμένων
748 2573 887 2648 invidos]
910 2581 943 2633 de
961 2581 1051 2651 quibus
1074 2582 1206 2653 superiore
1228 2587 1299 2643 nota,

201 2665 290 2716 sacros
305 2650 332 2702 in
350 2650 421 2702 feriis
437 2649 543 2720 agendis
558 2667 648 2702 novem
663 2650 717 2700 dies
733 2651 816 2704 refert
838 2649 987 2714 Blastares,
1011 2650 1063 2704 τοῦ
1079 2653 1105 2701 Δ
1120 2649 1257 2718 στοιχείου
1274 2668 1301 2706 ο.

202 2719 237 2785 8,
253 2719 319 2772 adeo
336 2724 365 2770 ut
381 2719 483 2772 Aleriae
499 2720 636 2786 imperator
653 2717 723 2768 edita
738 2715 850 2770 Novella
865 2717 981 2770 sanxerit
996 2719 1087 2772 nemini
1104 2720 1181 2772 licere
1199 2719 1300 2780 demor-

201 2786 242 2838 tui
258 2793 378 2854 parentes
395 2789 438 2840 vel
453 2803 558 2840 uxorem
578 2785 622 2838 val
639 2785 749 2838 heredes
767 2786 810 2839 vel
829 2785 991 2840 fideiussores
1013 2794 1075 2840 ante
1093 2804 1184 2840 novem
1201 2788 1299 2840 dierum

199 2854 282 2906 luctui
299 2853 464 2908 dicandorum
498 2853 640 2906 raefinitnm
657 2859 756 2922 tempus
771 2869 892 2906 accusare
930 2871 1031 2908 causam
1051 2856 1079 2908 in
1102 2873 1146 2909 eos
1169 2856 1298 2920 intentare

200 2921 286 2976 velin
303 2922 420 2976 iudicium
442 2873 560 2978 traicerer
585 2921 750 3006 iaspiiopav
769 2919 869 3004 paseat
890 2891 993 3006 ἷξιῖνμι
1014 2924 1066 2975 sori
1086 2921 1298 3010 τελευτήςαντος

199 2985 269 3052 τούς
284 2995 375 3059 γονεῖς
390 2985 410 3058 ἢ
426 3010 478 3128 Ἔν
493 2992 613 3060 γυναῖκα
628 3009 647 3058 η
667 3008 733 3051 τους
748 2993 939 3059 κληρονομονς
961 3011 980 3062 η
1004 2986 1070 3054 τοὺς
1092 2990 1225 3062 ἕγγοηιας
1240 3011 1296 3061 προ

198 3060 252 3127 τῆς
267 3061 323 3113 τῶν
339 3053 421 3114 ἐννέα
463 3059 552 3129 μερῶν
567 3058 741 3128 προθεσμίας
753 3060 805 3113 τοῦ
820 3053 947 3122 πένθους
962 3055 1109 3115 αἰτιᾶσθαι
1127 3055 1147 3130 ἢ
1160 3079 1296 3133 παρενοχ-

149 3141 151 3150 “
199 3132 260 3184 aaa
276 3120 296 3198 ἢ
311 3123 352 3192 εἰς
368 3127 547 3200 δικαστήριον
566 3127 663 3184 ἕλκειν.
905 3164 907 3168 -

288 3221 325 3280 ιλ.
352 3239 379 3280 v.
400 3218 441 3286 4.,
464 3223 620 3296 meierum,
645 3217 723 3293 quod
748 3217 876 3277 Codinus
895 3217 934 3276 ad
952 3217 1054 3278 calcem
1075 3220 1173 3300 capitis
1190 3221 1297 3300 scribit,

203 3305 284 3364 nefas
303 3311 411 3366 esseut
431 3305 494 3380 quis
506 3309 598 3361 restes
618 3304 714 3380 nigras
731 3303 761 3360 in
782 3303 888 3382 palatio
906 3309 1018 3382 portet,
1038 3305 1068 3363 id
1085 3305 1296 3383 intelligendum

204 3396 251 3448 est
265 3391 344 3449 extra
360 3409 456 3450 casum
470 3408 526 3465 quo
545 3389 608 3469 ipse
626 3389 778 3468 imperator
799 3388 895 3465 lugete
915 3394 984 3450 tunc
997 3390 1071 3450 enim
1089 3399 1185 3450 omnes
1206 3396 1297 3474 μελο-

204 3479 415 3557 vesperasco,
433 3480 467 3538 ui
486 3475 571 3558 paulo
583 3480 668 3535 antea
685 3474 811 3537 Codiuus'
824 3473 944 3536 dicebat
1282 3469 1289 3474 ”

647 3735 845 3748 m

506 3932 991 4022 curur'xvl.

248 4108 251 4112 ⁶
271 4129 308 4184 ii.
325 4127 407 4185 v.13.
426 4121 560 4198 πεζεύειν]
577 4145 607 4184 ea
624 4145 694 4200 spuov
705 4131 747 4184 sel
761 4071 839 4184 cisso
863 4128 968 4186 desilire
989 4138 1016 4188 et
1029 4131 1109 4202 podes
1125 4127 1250 4184 incedere.

286 4219 355 4282 ibid.
394 4219 443 4297 ad,
458 4219 578 4298 fontem]
610 4215 694 4302 πηγή
721 4239 772 4280 seu
801 4219 1060 4303 npyoitemplum
1090 4208 1295 4294 celeberrimum

203 4301 288 4388 Cpoli
300 4309 381 4371 extre
396 4306 525 4390 moenie,
544 4303 622 4370 euius
633 4324 758 4377 summus
773 4311 882 4369 amator
898 4307 1051 4368 admirator
1068 4311 1099 4366 et
1111 4304 1294 4370 encomiastes
