3092 4942
279 363 356 438 368
436 357 644 432 GRETSERI
659 359 715 427 ET
734 357 867 426 GOARI
880 355 1228 424 COMMENTARIUS.
1280 346 1283 362 ¹

277 528 446 610 tapsdarelsa.
468 526 646 586 Andronicus
664 523 842 600 Palacologur
858 525 995 604 Apoccuci
1010 542 1089 600 gener
1099 525 1180 582 mam
1193 525 1250 601 ipse
1261 540 1376 599 magnus

276 613 493 693 snatcpodarrla
516 611 693 691 designatur,
719 609 841 669 Galatas
864 609 1076 687 postmoduum,
1104 613 1130 666 ot
1151 607 1375 682 cracatonno,

276 690 363 760 eorum
377 698 519 776 suffragiis
538 697 571 756 dc
587 694 682 774 quidus
698 715 779 774 supra
797 695 923 755 diuisum.
941 693 1100 772 patriarcha
1115 697 1179 770 quia
1190 693 1304 771 madum
1312 713 1376 769 per-

277 792 379 846 mutare
400 804 450 842 non
471 786 589 862 poterat,
613 781 705 840 tauta
727 800 754 838 se
768 781 947 854 augumorem
956 779 1042 857 fecit,
1059 785 1085 836 et
1098 780 1129 836 in
1141 779 1376 855 miscriptionibus

277 870 362 928 colore
380 867 500 928 caeruleo
521 872 560 926 est
583 885 666 937 usus‚·
681 866 887 944 flammeumque
900 883 947 923 sou
960 869 1061 941 tegnas
1074 866 1185 941 canas,
1207 861 1278 942 quod
1296 868 1376 921 antea

276 953 464 1035 patriarchas,
498 955 523 1010 si
546 950 579 1009 ds
602 949 735 1009 macrias
754 969 807 1007 non
823 954 915 1021 urent,
943 949 1033 1007 allum
1048 947 1124 1027 serre
1142 967 1196 1006 mos
1216 953 1294 1022 aot,
1321 951 1377 1025 ipse

277 1059 344 1098 auro
365 1037 532 1112 illustravit,
547 1037 696 1104 ,annueris
717 1037 803 1092 nostri
826 1039 852 1092 et
872 1033 993 1116 illibatae
1017 1035 1073 1092 eius
1096 1035 1234 1108 garritrieis
1252 1031 1378 1108 deiparae

279 1143 314 1184 ac
326 1121 439 1182 Ioannis
455 1123 587 1200 baptistae
600 1121 711 1199 depictis
724 1123 754 1177 in
764 1139 793 1176 eo
805 1119 930 1177 iconibus.
951 1120 1165 1178 Cantacuzeaas
1178 1119 1199 1179 3
1214 1119 1263 1179 36.
1285 1115 1327 1174 ita
1338 1117 1376 1174 ad

281 1207 463 1268 ambitionem
477 1207 629 1284 tegendam
642 1209 807 1283 argmnenta
819 1205 934 1282 pietatis
947 1204 1082 1283 imagines
1096 1201 1200 1262 assumi
1211 1200 1377 1260 debuerunt

366 1323 547 1384 Ambitiosior
561 1323 653 1382 adhue
669 1321 817 1400 Balgariae
832 1321 1073 1402 archiepiscopus,
1095 1322 1144 1398 qui
1158 1326 1232 1380 teste
1250 1318 1377 1396 Georgia

282 1407 446 1488 Logotheta
459 1409 490 1468 in
499 1409 639 1468 Chronica
654 1405 853 1511 ripasticaria
866 1408 1041 1488 περιτίθησι
1056 1410 1154 1487 σχῆμα
1169 1404 1222 1468 nul
1236 1398 1379 1484 διάδημα,

285 1494 327 1568 ὥς
347 1494 476 1572 ἔφασκεν
499 1488 667 1572 αὐτόνομος
684 1490 728 1554 cio
743 1491 794 1554 nui
816 1493 923 1572 μηδενὶ
944 1487 1080 1566 edilium
1102 1485 1234 1565 ὀφείλων
1252 1489 1378 1563 διδόναι,

285 1578 338 1641 nal
359 1575 409 1640 isal
433 1581 521 1640 rorico
542 1577 618 1656 ἔχειν
637 1577 776 1652 ἐξουσίαν
790 1576 914 1658 βασιλέα
931 1577 1058 1656 στέφειν.
1082 1577 1147 1636 vide
1163 1573 1302 1636 novellam
1316 1575 1376 1640 181

284 1663 432 1724 Iustiniani
443 1663 626 1743 imperatoris.

368 1765 442 1823 Cum
464 1762 585 1822 Ioannes
605 1764 820 1822 Cantaeuzenus
837 1759 1029 1838 Didymotielri
1046 1762 1198 1841 imperator
1213 1759 1380 1835 initiaretur,

287 1849 407 1928 ipsemet
419 1849 510 1929 primo
519 1857 612 1914 seston
625 1851 820 1928 imperatoriam
832 1847 938 1922 induit,
963 1847 1056 1907 deinde
1070 1852 1102 1908 iu
1118 1853 1255 1927 cnupectu
1268 1847 1379 1902 ananam

281 1935 362 2014 pedes
380 1935 491 2014 crepidis
505 1937 644 2014 purpureis
658 1940 779 2003 oanuatr
793 1952 904 2012 quarum
924 1933 1058 1992 &atnam
1070 1937 1097 1991 ei
1109 1936 1240 2008 sauguine
1250 1933 1378 2007 pomini,

285 2023 421 2078 sinistram
439 2039 473 2078 cx
491 2021 661 2080 conducticiis
681 2019 793 2078 Latinis
814 2019 950 2077 nobilitate
977 2024 1003 2076 et
1021 2017 1155 2095 splendore
1174 2018 1278 2094 generos
1297 2016 1381 2094 primi

284 2105 423 2163 inducant.
451 2106 609 2184 inportatam
628 2111 715 2166 autem
733 2109 833 2164 tiaran
850 2109 913 2162 ante
929 2103 1114 2162 inmaculatae
1131 2105 1245 2179 uirgines
1261 2099 1306 2158 dei
1324 2119 1381 2159 ma·

284 2192 336 2246 tris
356 2191 497 2264 imaginem
518 2191 592 2248 dursti
610 2193 725 2267 positam
746 2208 827 2248 marcu
842 2209 893 2248 ινα
915 2189 1005 2248 tclloou
1022 2190 1078 2263 ipse
1095 2192 1180 2265 capiti
1197 2208 1245 2246 rue
1263 2187 1380 2264 inponit.

284 2273 439 2330 Cantaoua.
460 2274 541 2337 327.
568 2273 616 2331 ubi
638 2273 757 2332 observa
774 2291 881 2331 morem
893 2273 1017 2351 ponendi
1030 2272 1106 2332 humi
1120 2291 1269 2363 coronam,
1291 2277 1325 2328 ut
1338 2270 1381 2327 in-

283 2357 409 2414 sinuetur
426 2356 582 2433 humilitas,
603 2362 632 2415 et
653 2362 720 2415 ante
738 2358 888 2435 imaginem
906 2357 933 2416 b.
949 2346 1081 2436 virilem,
1103 2364 1137 2417 ut
1152 2359 1319 2416 ostendatur
1330 2355 1380 2413 im

283 2441 421 2520 peratoris
435 2441 464 2496 in
478 2447 591 2499 sanctos
607 2443 706 2520 pietas.

368 2537 474 2598 Iterum
497 2547 647 2601 coronatus
669 2547 718 2610 est¹
737 2541 813 2599 idem
828 2542 1043 2600 Cantaeuzenus
1068 2540 1268 2622 Adrianopoli,
1295 2545 1380 2620 prout

284 2624 404 2704 ipsemet
420 2625 463 2682 his
478 2626 569 2685 verbis
584 2628 699 2706 exponit
713 2626 734 2688 3
749 2628 805 2688 92:
829 2629 884 2684 iam
903 2647 964 2686 uera
975 2629 1083 2706 placuit
1095 2632 1176 2688 etiam
1195 2632 1381 2707 imperatarum

285 2729 355 2768 mare
378 2711 513 2786 coronari,
536 2713 744 2790 quandoquidem
764 2718 789 2770 et
804 2714 963 2789 patriarcba
979 2713 1214 2791 Hierusalpnoncm
1226 2719 1252 2771 ct
1269 2711 1384 2789 episcopi

287 2794 429 2874 conplures
453 2815 541 2854 coram
554 2797 680 2856 adessent.
723 2817 832 2875 cumque
847 2799 998 2856 mandasset
1013 2799 1164 2876 artificibus
1177 2803 1209 2855 ut
1224 2812 1343 2855 anonam
1355 2801 1383 2852 et

287 2879 352 2938 aliis
365 2886 397 2940 ut
416 2879 474 2939 alia
493 2881 530 2940 ad
545 2901 602 2940 com
622 2882 797 2941 celebritatem
812 2887 1048 2962 ccneowniamcpue
1061 2874 1258 2942 accommodata
1272 2882 1384 2958 confice-

287 2970 355 3038 rent,
367 2968 474 3042 paralio
489 2967 604 3024 omnibns
617 2987 635 3025 a
649 2966 759 3029 Ιιανιαο
766 2968 924 3044 patriosala
934 2967 1185 3047 Hierosolynitaua,
1201 2965 1383 3038 menseMaio,

290 3049 396 3128 quanda
413 3049 580 3110 Constantini
591 3055 686 3128 magni
698 3059 723 3110 et
740 3051 858 3112 Helenae
872 3056 965 3112 matris
981 3057 1053 3128 eius,
1082 3054 1208 3132 apostolis
1228 3070 1386 3130 comparan-

290 3133 392 3209 dorum,
412 3138 534 3193 memoria
548 3133 652 3210 colitur,
666 3157 761 3196 corona
774 3138 904 3197 induitur,
938 3143 1045 3196 coronat
1056 3145 1143 3198 amera
1157 3144 1183 3196 et
1194 3140 1263 3216 ipse,
1280 3139 1312 3194 ut
1330 3153 1386 3192 mos

290 3219 411 3294 tenebat,
436 3216 528 3276 Irertou
543 3225 677 3298 coniugem
690 3241 782 3290 suatur
803 3227 939 3301 omniaque
950 3223 1035 3283 solitis
1045 3223 1158 3298 rito'lus,
1178 3241 1257 3301 quam
1272 3223 1387 3279 noaino

284 3304 351 3382 fissi
359 3305 461 3382 patuit,
478 3311 587 3382 pacata
597 3313 667 3365 surct,
693 3326 755 3365 nam
769 3313 795 3364 ct
807 3315 935 3382 argentea
949 3314 1028 3387 atque
1037 3328 1120 3367 aurea
1131 3309 1292 3367 ιαινιίαανΐιι
1304 3324 1386 3384 spar-

290 3387 437 3464 gebantur,
461 3393 584 3448 convivia
601 3392 802 3472 preclarumque
814 3395 985 3451 incitationes
998 3393 1037 3451 ad
1054 3395 1111 3452 dies
1125 3393 1254 3471 plurimos
1261 3389 1387 3468 frequen-

290 3471 427 3530 tabantur.
470 3475 555 3531 tertio
576 3477 688 3532 demum
702 3482 851 3536 coronatus
865 3484 909 3535 est
923 3477 1008 3559 cpoli
1023 3479 1054 3537 in
1070 3477 1233 3538 Blachernis
1254 3475 1386 3554 deiparae

288 3555 405 3633 virginis
427 3555 531 3634 templo
540 3600 551 3636 ,
572 3566 658 3637 prout
675 3562 736 3640 ipse
755 3563 818 3620 tuse
833 3564 949 3642 exponit
962 3563 983 3625 4
997 3562 1025 3626 4.

372 3652 420 3714 Ad
448 3657 531 3714 finem
553 3659 634 3718 huius
657 3661 756 3738 capitis
779 3663 816 3719 de
837 3663 1019 3721 coronatione
1037 3660 1214 3739 imperatoris
1234 3659 1329 3735 accipe
1352 3675 1386 3713 ex

287 3737 374 3800 Petro
388 3739 526 3800 Damiano
541 3743 559 3803 l.
578 3749 590 3808 1
606 3765 650 3824 ep.
665 3749 704 3809 17
720 3745 796 3805 hunc
810 3767 916 3806 marem
929 3749 958 3805 in
971 3748 1151 3806 coronatione
1165 3743 1308 3803 observari
1319 3760 1386 3799 con-

287 3830 417 3903 suetum,
445 3846 529 3903 quem
549 3849 567 3888 a
587 3832 699 3891 catino
716 3832 849 3891 omissum
861 3834 993 3909 mirarer,
1014 3833 1068 3890 nisi
1079 3832 1178 3890 scirem
1191 3829 1217 3886 ei
1230 3847 1289 3886 non
1301 3827 1388 3885 fuisse

289 3911 466 3994 propositum
499 3916 591 3974 omnia
619 3919 649 3974 in
674 3918 769 3976 literas
796 3912 908 3978 referre.
949 3920 992 3977 ita
1017 3938 1086 3996 ergo
1117 3913 1287 3974 Damianos:
1312 3910 1390 3989 apud

182 4012 275 4070 1²258
292 3997 407 4056 Graecos
427 3997 493 4056 laec
511 4003 594 4058 αααι·
610 4004 766 4063 coruueluda
776 4005 942 4082 poliistor,
973 4010 1003 4061 ut
1029 4023 1089 4062 eum
1112 4005 1254 4078 imperator
1279 3999 1341 4076 quis
1360 3998 1389 4052 ia

291 4080 427 4156 dignitate
436 4088 558 4158 creatur,
580 4103 641 4142 nor
654 4094 685 4144 ut
702 4089 884 4166 imperialrius
892 4089 981 4166 suerit
997 4089 1095 4168 infulis
1107 4087 1260 4158 redimitas,
1280 4100 1390 4139 coronae

292 4166 373 4223 simul
393 4185 428 4225 aa
445 4173 544 4246 sceptri
562 4169 652 4245 gloria
670 4172 824 4248 deccratru,
847 4193 906 4232 cun
921 4175 1030 4251 darique
1040 4190 1175 4251 procemm
1185 4169 1308 4227 unllam
1321 4166 1390 4224 alse-

294 4253 381 4326 quiio,
401 4269 459 4310 cram
473 4256 605 4334 excipitur
619 4257 814 4317 modulantibus
822 4259 995 4336 psallentium
1006 4259 1110 4328 claris,
1131 4255 1241 4335 puidam
1253 4254 1305 4310 sili
1311 4268 1389 4329 prae·

294 4340 336 4396 stc
350 4337 390 4414 fil
412 4337 524 4418 eloim,
556 4343 605 4422 qui
626 4342 747 4403 uidelicet
770 4364 826 4404 uua
845 4362 926 4404 manu
946 4343 1084 4404 υαανὶανι
1100 4341 1208 4423 plenum
1230 4342 1390 4398 norim
