3092 4942
362 346 425 414 =1N
449 345 598 420 GODINI
617 348 701 416 GAP.
732 348 760 416 1.
1054 353 1125 424 131

24 515 129 570 auctor
149 507 391 589 Toronaeum,
408 510 462 571 sed
482 510 564 574 mule.
604 530 672 574 nam
691 512 911 592 confugientium
931 514 969 574 ad
985 513 1127 577 eedesiam

25 615 95 655 cura
115 595 278 676 pertinebat
305 591 384 675 πρᾶς
401 593 456 658 τόν
482 602 540 661 cori
562 601 735 674 σακελλίου,
760 605 902 678 utsupra
927 600 1031 660 dictum
1056 622 1079 660 c
1098 606 1127 666 3.

25 683 145 759 itaque,
184 681 210 739 si
244 677 370 740 delinitio
405 679 475 739 haec
513 681 660 760 probanda
698 685 755 762 sit,
793 682 874 743 aliter
907 684 1038 764 explicari
1077 687 1128 745 de-

26 766 125 842 bebit,
154 769 189 824 ut
215 782 267 844 per
284 760 464 846 cpdcpcyoe
490 765 678 844 intelligamus
697 768 759 827 illos
782 769 831 844 qui
849 787 884 826 ex
905 770 1067 848 captivitate
1089 771 1128 831 ad

28 850 209 908 Christianos
231 867 284 926 spe
308 847 446 909 libertatis
470 852 654 929 confugiunt,
687 864 746 911 non
768 857 862 910 autem
881 851 942 912 illos
964 854 1013 932 qui
1030 855 1129 913 coufu-

27 937 114 1012 giunt
129 934 171 992 ud
190 933 334 994 ecclesiam
353 939 489 1011 tanquam
507 937 545 995 ad
564 937 672 1014 asylum
690 936 865 1014 impunitatis
884 937 983 1014 gratia.
1028 939 1128 1001 dicitur

28 1017 233 1098 κρωιέκὸικος
248 1024 378 1097 repeda
392 1020 510 1080 aliorum
527 1019 653 1083 iudicor
672 1039 723 1079 seu
738 1021 928 1098 defensorum:
946 1021 1039 1101 plures
1056 1024 1131 1086 enim

29 1109 127 1177 erant;
159 1103 335 1180 adquorum
356 1122 458 1162 munus
478 1106 638 1182 pertinebat
653 1123 770 1181 quoque
786 1124 940 1186 pauperum
957 1112 987 1164 et
1005 1103 1129 1166 infirmo·

30 1208 93 1247 rum
115 1207 200 1265 cura,
231 1205 268 1246 ue
291 1189 514 1266 opprimerentur
536 1208 555 1248 a
573 1190 796 1270 potentioribus,
826 1196 860 1250 ut
880 1191 964 1249 docet
979 1190 1129 1254 Balsamon

32 1275 62 1332 iu
84 1291 139 1332 sua
164 1273 201 1330 de
224 1273 439 1351 chartophylace
452 1279 482 1332 et
503 1276 664 1352 protendico
682 1274 892 1354 disceptatione.
932 1281 963 1334 et
981 1275 1045 1334 olim
1066 1278 1130 1352 qui-

36 1360 100 1417 dem
116 1356 182 1416 laici
201 1357 256 1417 hoc
276 1355 368 1417 officio
387 1358 597 1438 iungebantur,
625 1366 726 1437 postea
752 1366 847 1420 umen
872 1357 976 1419 clericis
1002 1363 1130 1420 commis·

35 1461 97 1501 sum
137 1448 193 1500 est
234 1443 424 1522 protecdicum
458 1443 569 1502 rettulit
609 1443 684 1504 inter
725 1444 933 1504 euocatacoelos
971 1444 1132 1524 Xiphilinus
1245 1467 1247 1471 ·

35 1527 213 1604 patriarcha,
251 1533 287 1586 ut
322 1547 347 1586 c.
387 1532 409 1591 2
447 1527 579 1588 diximum:
622 1535 708 1588 antea
750 1530 825 1587 euim
865 1530 979 1588 minoris
1021 1531 1131 1590 subsel-

36 1612 65 1669 lii
83 1613 268 1690 magistratus
296 1617 365 1671 erut.
406 1609 553 1676 indicator
583 1614 662 1691 apud
688 1610 883 1674 Balsamonem
908 1611 986 1672 locus
1010 1620 1055 1674 est
1081 1615 1131 1678 ubi

41 1696 71 1758 oi
84 1697 214 1774 ἔκδικοι,
234 1714 309 1773 quae
328 1697 451 1758 muneris
470 1698 516 1757 sui
539 1704 623 1775 suut,
655 1704 801 1758 assemant
827 1698 987 1758 consultant
1012 1705 1043 1760 et
1065 1719 1131 1780 per-

39 1787 133 1860 agunt
178 1780 328 1860 ἐκδίκησις
344 1788 389 1841 est
409 1782 473 1861 ipsa
487 1783 613 1842 defensio
628 1801 680 1842 seu
700 1787 763 1846 τῶν
777 1783 904 1846 tuticus
922 1785 1005 1844 actio.

121 1881 340 1940 Observandum
363 1885 409 1940 est
427 1881 512 1941 etiam
527 1881 558 1940 iu
572 1879 706 1949 ‚Romana
724 1880 839 1942 ecclesia
866 1883 953 1944 fuisse
975 1883 1132 1960 antiquitus

40 1967 207 2046 deserueras,
230 1985 374 2043 unumque
393 1984 428 2026 ex
457 1967 567 2027 illorum
591 1984 706 2025 numero
738 1968 932 2046 praecipuum,
957 1971 1006 2044 qui
1028 1973 1134 2048 primur

42 2053 165 2130 dcfouor
201 2051 319 2110 audiret
368 2069 488 2129 quorum
520 2049 641 2111 officium
668 2051 791 2113 breviter
828 2054 993 2113 describitur
1030 2051 1134 2132 (verba

42 2137 184 2216 Ouuphrii
207 2133 313 2214 refero)
342 2153 360 2195 a
395 2136 510 2214 Pelagio
541 2137 571 2195 iu
605 2137 747 2214 Rescripta
771 2135 812 2196 ad
838 2134 1010 2209 Antoninum
1042 2135 1135 2194 Patri-

42 2224 128 2299 ciam,
153 2239 228 2297 quae
240 2219 404 2299 postulabat
420 2222 587 2280 monachum
602 2216 662 2280 lieri
681 2219 857 2300 defectores,
884 2221 988 2299 inquo
1009 2221 1135 2280 ostendit

43 2305 166 2367 officium
190 2307 319 2366 monachi
346 2311 377 2365 et
401 2306 544 2384 Monuit
573 2305 720 2365 convenire
749 2323 809 2364 nou
829 2325 914 2384 posse
954 2306 1026 2366 “illic
1055 2309 1133 2378 cuim,

43 2393 134 2469 inquit
178 2394 252 2471 price
291 2395 391 2468 cuo,
419 2392 497 2451 labor
523 2409 647 2450 murmure
666 2387 859 2470 (competit):
888 2394 971 2451 otiis
992 2408 1135 2451 murorum

44 2480 177 2555 cognitio,
197 2479 390 2547 eunomium,
417 2480 510 2546 educ,
532 2476 641 2554 publicu
660 2476 769 2552 litigio,
798 2481 824 2534 et
844 2495 1010 2556 pacemque
1029 2475 1070 2534 uel
1089 2494 1136 2534 cc-

44 2565 195 2622 cteu'cstico
214 2565 342 2621 instituta
359 2561 399 2620 oei
421 2561 626 2639 supplicantium
643 2564 791 2619 ‘necoeutor
812 2553 924 2638 poccit”.
965 2580 1001 2619 ex
1021 2561 1135 2619 decreto

44 2645 154 2706 Urbani
182 2651 264 2724 patet
284 2647 472 2724 procuratoris
492 2644 602 2704 nomine
624 2644 741 2721 intelligi
764 2643 915 2720 quemlibet
938 2645 1136 2704 ecclesiastica·

45 2753 105 2791 rum
123 2750 220 2790 renum
241 2732 509 2806 administrmorem‚
528 2736 561 2789 nt
578 2730 655 2788 verbi
672 2729 764 2806 gratia
784 2730 991 2808 praepositum,
1016 2725 1172 2788 octono-1³
1188 2725 1239 2783 162

46 2837 138 2895 mum,
162 2817 380 2895 vicedominum,
414 2815 567 2874 defensoris
587 2815 700 2875 nomine
720 2812 886 2873 advocatum
902 2814 960 2873 sive
980 2814 1136 2874 castaldum
1198 2878 1200 2885 ,

47 2910 75 2962 et
87 2903 209 2961 iudicem
223 2907 276 2960 etc
297 2901 541 2977 quorumquidum
560 2901 720 2960 defensores
744 2900 804 2960 siue
828 2901 1001 2978 adiectione,
1022 2898 1136 2974 quidam

47 2990 209 3046 defensores
221 2988 368 3065 regionarii
387 2988 454 3046 dicti
468 2992 553 3065 sunt,
568 2988 645 3064 quod
661 2985 765 3045 scilicet
789 2987 819 3044 in
836 2986 952 3064 singulis
976 2983 1136 3061 regionibus

48 3073 188 3131 distributi
201 3077 303 3132 essent
323 3091 442 3148 quorum
461 3073 566 3150 primus
581 3071 625 3129 vel
637 3073 767 3150 princeps
776 3071 945 3146 primicerius
958 3069 1137 3128 defensorum
1199 3129 1204 3140 ,

48 3159 206 3235 dicebatur,
225 3176 345 3234 magnae
364 3158 395 3216 in
418 3157 533 3216 ecelesia
558 3155 687 3215 Romana
710 3155 928 3216 existinatlonis.
963 3154 1032 3212 haec
1056 3153 1137 3212 Onu-

47 3244 143 3320 plrrius
170 3243 201 3300 in
223 3243 350 3320 explicat
373 3261 474 3301 vocum
498 3240 680 3300 Ecclesiastio
722 3241 806 3298 docet
820 3239 956 3297 Batonius
975 3239 1138 3316 regionarios

47 3330 192 3407 defensores
211 3327 356 3386 institutos
374 3329 462 3386 fuisse
475 3345 494 3384 a
513 3328 544 3385 S.
561 3325 699 3402 Gregorio
718 3342 793 3382 auno
808 3325 1000 3402 dominidllll,
1019 3328 1053 3380 ut
1065 3323 1138 3380 sieut

48 3419 127 3472 erant
142 3417 253 3490 septem
268 3416 415 3489 ngimerii
428 3415 529 3472 notaui
541 3414 571 3469 et
588 3411 707 3470 totidem
725 3412 874 3484 regionarii
892 3409 1013 3484 diaconi,
1032 3408 1074 3466 ita
1093 3413 1138 3465 et-

46 3500 100 3557 iam
118 3502 217 3556 esseut
236 3504 346 3576 septem
361 3495 510 3576 defensores
528 3498 690 3571 regionarii,
707 3494 822 3553 caeteris
839 3494 976 3571 dignitate
993 3497 1139 3570 praestan·

45 3585 146 3655 tiores3
173 3583 211 3641 de
238 3583 340 3658 quibus
367 3582 417 3661 qui
444 3580 647 3662 plura'eupit‚
679 3579 704 3639 is
726 3579 879 3638 Bononiam
906 3578 1037 3638 consulat
1063 3595 1139 3636 auno

113 3781 172 3852 pul
186 3798 216 3836 v.
229 3783 272 3836 11.
297 3777 418 3851 συνόδῳ]
441 3797 492 3834 nou
509 3778 617 3834 omnium
633 3778 676 3831 vel
691 3794 724 3831 ex
742 3776 838 3830 cunctis
855 3774 989 3845 provinciis
1004 3771 1139 3842 episcopo-

48 3867 100 3904 rum
111 3851 271 3920 quorundam
281 3852 355 3904 simul
365 3854 509 3903 coactorum
520 3850 608 3902 concio
618 3843 735 3910 σύνοδος
744 3854 798 3899 este
817 3845 930 3898 conflant
946 3859 1002 3895 earu
1018 3859 1051 3894 ex
1070 3859 1140 3894 more

48 3921 181 3989 pontifices
191 3920 220 3972 iu
233 3920 321 3974 urbem
338 3921 463 3987 advenae.
497 3919 531 3971 ub
543 3935 575 3970 ea
585 3925 669 3971 tumen
681 3917 753 3986 primi
764 3923 812 3968 sex
831 3912 932 3966 diaconi
947 3916 1075 3980 nequeunt
1092 3911 1140 3962 ab·

49 4007 114 4042 esse:
134 3977 214 4041 orirer
223 3983 365 4058 nidorem
378 3981 409 4040 iu
421 3989 456 4058 τῇ
466 3987 534 4058 θείᾳ
546 3984 594 4039 καὶ
612 3983 677 4056 tropi
693 3978 814 4054 συνόδῳ.
848 3981 969 4036 similibus
981 3980 1008 4033 in
1024 3979 1140 4048 synodis,

48 4074 215 4127 quaecunque
225 4057 269 4111 lib.
280 4055 363 4112 aaut
376 4057 444 4110 Iuris
455 4057 508 4108 GR
518 4056 598 4124 legis,
610 4065 671 4108 sunt
680 4053 793 4108 definita.

130 4146 214 4206 Haeo
237 4147 273 4205 de
299 4145 391 4226 prima
416 4146 540 4225 peutade
562 4140 715 4203 officiorum
741 4146 772 4198 et
798 4135 954 4198 officialium
978 4134 1142 4196 aedesiusti-

49 4251 150 4293 corum.

489 4385 693 4401 *nu—‘01⁸‘
