3092 4942
252 319 325 391 126
407 313 616 385 GRETSERI
629 313 686 380 ET
699 313 835 384 soem
847 309 1181 389 connitsnmuius

247 466 266 543 i.
280 472 301 546 4
314 479 395 560 epist
405 476 448 543 84
458 481 629 540 nominat-se
640 479 808 542 sacdlusium
819 479 985 544 Romanum.
996 487 1095 566 putari
1102 485 1243 557 intudem,
1256 484 1347 564 inquit

247 567 384 626 Baromus
403 561 485 646 (iom-
507 573 527 633 8
549 585 625 625 anno
647 566 755 624 Christi
776 567 838 630 595
856 587 931 628 num.
955 567 1009 648 17)
1025 574 1055 630 in
1073 567 1149 630 tectu
1165 571 1291 646 Gregorii
1297 585 1348 649 pso

241 653 417 727 ,romanum
436 651 493 728 legi
506 651 596 718 debas
610 652 808 726 saccellarium,
829 657 907 732 quasi
924 674 944 712 a
963 655 1084 714 saccellis
1101 661 1231 734 sumptura
1250 674 1347 729 mnes,
1372 703 1377 712 .

246 739 397 818 quadratis
410 740 465 820 e'pse
475 737 621 814 Gregorius
634 738 723 810 docet,
736 735 800 794 dura
812 739 924 796 ostendit
933 738 1102 798 sacellarium
1106 739 1195 818 fuisse
1207 741 1347 798 thesaura-

247 826 317 881 riurn
329 823 602 900 pecuoa'aepublicae,
617 825 694 880 cuius
706 823 746 878 rei
763 825 858 896 gratia
876 826 988 902 oportuit
1002 825 1057 902 ipsi
1072 827 1184 884 creditos
1198 844 1251 884 esse
1264 841 1348 903 pecu

247 911 354 965 uiarum
372 908 507 980 sacculos,
526 908 556 964 ob
568 907 648 983 idque
661 906 831 965 sacellarium
850 907 949 965 datum
973 926 1034 968 esse.
1076 910 1137 968 buis
1158 929 1229 969 meae
1246 915 1349 968 reaten-

248 989 305 1050 tiae
314 991 484 1067 suffragatur
494 993 561 1051 ideas
572 992 717 1067 Gregorius
726 993 756 1048 ia
769 992 881 1069 epistola
896 991 934 1050 ad
953 990 1117 1052 Honoratum
1132 993 1287 1069 diaconum,
1303 993 1350 1052 ubi

249 1096 333 1152 agens
343 1077 375 1134 de
385 1077 658 1136 solutioaeconsuctac
666 1079 795 1153 pecunia
808 1096 858 1155 pro
875 1075 1008 1152 dignitate
1024 1079 1160 1136 cortnclari
1178 1077 1349 1156 adipiscenda

250 1166 293 1220 uit
302 1159 406 1236 “magis
416 1181 449 1220 ex
459 1182 487 1220 se
496 1167 565 1236 agat
575 1161 681 1218 dilectio
694 1165 756 1226 tua,
768 1168 896 1240 quaterue
905 1161 1001 1220 oblatis
1011 1165 1041 1220 ia
1059 1163 1172 1222 saccello
1186 1160 1351 1221 consuetudi·
1393 1155 1397 1162 ’

250 1247 328 1304 nibus
350 1246 457 1304 bonores
471 1251 602 1304 mercolm
620 1237 762 1322 acciperc.”
796 1247 844 1304 ubi
853 1263 902 1325 per
926 1246 1038 1305 saccello
1062 1253 1160 1306 centurn
1177 1253 1216 1304 est
1233 1246 1353 1322 intelligi

249 1332 380 1410 principis
394 1333 578 1409 pecuniariam
591 1349 716 1408 capsam,
733 1336 758 1386 et
767 1330 934 1408 proindeper
953 1331 1134 1390 saccellarium
1147 1331 1350 1390 thesaurarium.

146 1434 168 1488 p
188 1432 239 1489 159
252 1419 282 1473 ia
294 1435 371 1493 quara
381 1419 532 1474 sententiam
546 1421 572 1473 et
584 1414 705 1472 Isidorus
717 1407 830 1493 “fiscus’'
843 1416 930 1492 inquit
947 1413 1002 1473 “est
1013 1436 1105 1473 saccas
1117 1407 1265 1491 publicus.’'
1298 1415 1351 1474 sed

251 1499 291 1558 nil
308 1518 379 1577 opus
399 1501 456 1558 ulla
475 1499 644 1571 mutatione3
656 1517 732 1570 ,nam
748 1503 778 1558 et
800 1500 955 1558 sacellarius
968 1505 1013 1558 est
1027 1500 1198 1559 saccellarius
1209 1522 1227 1558 a
1244 1499 1352 1572 sacello,

251 1585 368 1661 simplici
387 1604 416 1662 c,
433 1585 478 1644 vel
494 1605 513 1642 e
525 1585 638 1653 sacella,
657 1603 740 1661 quam
756 1585 838 1642 nobis
856 1585 940 1664 paulo
955 1591 1021 1644 unte
1038 1586 1179 1662 Corippus
1196 1585 1352 1662 descripsit,

252 1671 318 1747 quia
337 1667 432 1726 Latini
450 1669 573 1730 Graecos
594 1669 701 1726 imitati
718 1669 868 1747 aliquando
889 1670 1007 1728 alterum
1029 1691 1044 1728 c
1063 1680 1237 1746 expungunt.
1277 1669 1351 1726 idem

250 1774 320 1830 ergo
334 1759 379 1811 eet
391 1755 562 1814 saccellarius
578 1752 609 1812 et
631 1753 795 1813 sacellarius.
837 1761 1010 1832 quapropter
1026 1755 1146 1833 probare
1164 1774 1222 1812 non
1237 1769 1351 1832 possum

187 1854 195 1870 ⁵
250 1839 376 1896 eiusdem
393 1839 487 1916 magni
507 1839 560 1899 viri
580 1838 743 1915 discrimen,
768 1841 846 1916 quod
864 1840 964 1898 statuit
985 1840 1059 1899 huuc
1077 1840 1106 1896 in
1125 1840 1252 1898 modum:
1275 1839 1351 1916 apud

249 1921 385 2001 Latinos,
413 1925 438 1983 si
464 1923 635 1983 saccellmius
655 1924 785 1982 scribitur
806 1944 823 1982 a
846 1924 984 2002 saccelliS,
1013 1924 1199 1982 thesaurarius
1222 1923 1353 1982 ecclesiae

249 2009 429 2086 intelligitur-3
450 2009 475 2066 si
490 2028 557 2069 vero
571 2027 624 2088 per
648 2009 813 2087 reimplere,
836 2011 990 2068 sacellarius
1012 2009 1163 2085 asscella,
1187 2009 1235 2086 qui
1248 2007 1351 2067 scilicet

249 2093 348 2153 sacello
367 2091 537 2174 (cappellae)
561 2100 689 2172 praeest,
709 2091 888 2172 significatur.
930 2112 1010 2152 secus
1026 2113 1057 2151 se
1077 2094 1241 2170 mehebel,
1262 2099 1296 2151 ut
1317 2111 1352 2150 ex

250 2180 332 2236 dictis
346 2179 460 2256 planum
472 2181 645 2256 relinquitur.
666 2179 731 2236 vide
743 2180 827 2236 etiam
844 2179 986 2237 Cuiacium
1001 2179 1148 2236 Observat.
1169 2183 1207 2241 10
1228 2183 1288 2256 97,
1304 2177 1351 2234 ubi
1366 2177 1367 2180 ’

113 2312 116 2319 ,
221 2313 223 2317 ,
252 2265 289 2320 de
303 2265 450 2321 saecularia
464 2263 602 2322 assecula
613 2268 646 2339 et
657 2263 814 2323 saccellario
829 2282 848 2323 a
861 2261 962 2323 sacello
985 2262 1075 2324 merita
1093 2263 1203 2343 scribit,
1224 2262 1277 2322 etsi
1297 2263 1350 2323 olio

205 2415 208 2418 ⁴
251 2345 408 2425 sigm'licatu
421 2349 521 2409 borum
534 2349 701 2428 croteriuurn.⁸
753 2381 756 2386 -
854 2361 857 2367 ·

639 2564 641 2568 .
687 2566 899 2596 Μ

376 2750 388 2866 J
494 2790 913 2931 ‘scupus
968 2807 1032 2884 IV.

294 3052 303 3079 τ
336 3050 370 3109 p.
382 3026 439 3092 iv.
450 3035 478 3096 3.
501 2982 768 3113 Chartoplrylecein
781 3031 854 3094 male
865 3039 969 3096 vocant
979 3030 1163 3096 Lemcisvius
1175 3037 1205 3093 et
1216 3031 1262 3092 ulii
1270 3010 1355 3090 ‘otorl

257 3116 402 3176 tuluriurn:
423 3133 489 3176 nam
503 3121 685 3180 chartularius
700 3120 813 3178 alterius
827 3120 910 3178 officii
920 3126 950 3179 et
960 3122 1096 3180 inferioris
1110 3137 1212 3179 nornen
1224 3124 1278 3194 est,
1288 3135 1355 3176 cau-

255 3202 417 3274 tineturque
426 3202 456 3257 in
465 3198 542 3265 nona
551 3207 674 3282 pentade
685 3206 840 3264 officiorum
849 3205 1109 3271 ceclesiasticorum:
1125 3211 1155 3262 at
1163 3202 1356 3280 chartophylax

185 3333 198 3358 ,
255 3286 409 3364 principem
418 3284 510 3345 locum
517 3293 606 3366 tenet,
619 3291 725 3368 quippe
735 3297 852 3366 quartus
868 3291 941 3349 inter
958 3289 1172 3350 exocatacoeles.
1192 3287 1288 3345 Iunius
1298 3285 1356 3345 La-

255 3369 316 3427 tine
323 3369 489 3449 praesectum
501 3374 603 3432 clarts’s
614 3376 750 3453 nominat,
763 3377 856 3434 nescio
873 3369 958 3452 quam
972 3377 1080 3435 idonee.
1108 3392 1162 3452 ego
1178 3371 1296 3430 libenter
1305 3390 1357 3428 vo-

254 3473 316 3519 cem
336 3453 444 3513 retineo
470 3455 613 3516 Graecum.
654 3461 730 3518 unde
752 3463 937 3539 componatur
956 3461 986 3518 e't
1007 3460 1163 3536 derivetur,
1182 3457 1271 3534 liquet
1291 3456 1356 3514 abs·
1432 3505 1438 3512 .
1497 3481 1500 3491 ν

254 3557 313 3637 que
332 3556 395 3596 meo
408 3539 561 3600 admonita
604 3541 667 3621 plus
680 3543 775 3602 minen
788 3547 928 3622 significat
944 3565 1028 3622 quem
1041 3546 1103 3624 ipsa
1114 3542 1249 3622 uocabula
1262 3543 1356 3600 fronte

253 3625 1356 3795 {uictimis}rt{tiliisittcittitttd

258 3800 335 3855 σθαι
354 3793 387 3854 ἐκ
401 3799 457 3856 τοῦ
473 3792 632 3870 φυλάττειν
655 3792 829 3878 μεμβράνας
844 3799 896 3861 nal
909 3803 1051 3876 audineo,
1073 3800 1200 3877 quamvis
1214 3798 1239 3856 si
1253 3813 1357 3854 nomen

257 3878 382 3958 praecise
397 3880 572 3940 considerare
588 3882 719 3961 velimus,
747 3883 817 3942 baec
841 3887 987 3944 notatioa
1010 3886 1128 3944 veritate
1149 3902 1207 3941 non
1226 3881 1355 3940 recedat:

257 3965 311 4025 sed
332 3963 363 4021 iu
387 3963 566 4044 impositione
586 3969 730 4026 nominum
749 3975 867 4028 monent
885 3971 1027 4048 sapientes
1048 3989 1106 4029 noa
1128 3974 1187 4026 tem
1206 3966 1358 4023 videndum

260 4066 324 4107 sese
339 4068 358 4106 a
373 4067 424 4126 puo
437 4066 522 4125 quum
534 4051 571 4116 ad
585 4054 648 4129 quid
666 4071 769 4112 nomen
791 4054 959 4132 imponatur.
1002 4075 1037 4114 eu
1051 4055 1087 4112 de
1101 4071 1186 4112 causa
1197 4049 1292 4108 liceto
1308 4067 1357 4108 cu-

260 4132 356 4193 stodis
371 4134 480 4193 obortae
493 4153 595 4196 nomen
609 4138 838 4216 traxerit‚10nge
854 4146 947 4199 tumen
968 4139 1051 4218 plura
1068 4140 1106 4197 ad
1128 4138 1187 4196 eius
1210 4153 1304 4193 curam
1327 4138 1358 4191 et

261 4218 531 4282 administrabam
548 4222 741 4301 pertinebant:
768 4225 832 4303 ipse
852 4226 925 4283 enim
949 4244 1002 4283 sua
1022 4225 1052 4282 in
1073 4225 1215 4302 potestate
1235 4219 1359 4278 babebat

261 4301 487 4384 knipomarouoi
503 4309 628 4392 iuprpia
639 4303 840 4389 δικαιώματα,
863 4311 956 4370 literas
978 4313 1010 4370 ia
1027 4311 1122 4388 quibus
1141 4313 1205 4368 iura
1226 4311 1253 4366 ct
1273 4306 1359 4385 priui-
