3092 4942
511 333 557 404 m
579 333 726 404 conum
745 335 829 407 GAP.
850 337 932 410 XX.
1195 342 1271 416 379

178 497 312 560 vocatum,
335 494 406 564 quod
428 494 534 548 mariue
555 510 657 566 semper
681 511 736 550 suu
762 497 940 568 comitaretur,
964 513 997 553 ιο
1010 500 1038 554 lu
1053 498 1150 573 palatio
1167 499 1200 556 cd
1217 502 1272 556 aius

179 567 273 618 uellam
291 562 410 631 (ustum
427 564 491 617 euim
508 564 582 617 etiam
598 564 757 634 imperatoris
773 568 897 621 secretius
921 569 1052 638 penetrale
1077 569 1170 623 dictum
1196 588 1273 642 supe-

178 633 244 700 rius)
263 633 436 686 concellaneus
452 629 611 700 adpositos,
631 649 661 686 uo
678 651 740 702 pree
756 635 815 688 aliis
829 637 921 704 dgnus
936 632 1021 705 pipare
1036 637 1275 707 uocpoodpuriioe
1357 646 1360 651 ⁴

177 701 315 755 habitaret.
340 701 451 754 admont
472 703 497 755 ei
521 701 557 768 (si
577 703 711 755 Pbrsuzee
734 703 770 755 iut
819 707 868 757 reti
892 705 958 758 fides
982 705 1112 774 habenda)
1129 709 1275 760 ιοοοιοοῑοι

177 771 220 823 tui
236 768 355 839 (palatini
366 770 493 838 nimirum)
509 777 535 824 et
545 771 691 838 spiritualia
701 721 841 838 pateream
895 775 902 788 ⁰
942 791 1056 843 maguus
1064 779 1276 844 pannagium

177 839 214 892 de'
230 838 324 892 Ioanne
339 837 493 908 imperatore
508 839 620 960 lojuitur
634 839 668 892 ud
691 839 823 894 concilium
863 843 1014 896 tarentinum
1030 842 1097 895 riam
1115 851 1274 912 capessente.

178 906 269 992 scribit
285 923 362 974 porro
384 914 526 991 protospng
551 925 606 983 um,
619 913 700 990 prout
716 907 759 960 alii
776 911 879 964 Graece
894 906 1038 980 ούρριλον,
1055 912 1089 967 ob
1100 912 1205 966 eandem
1217 929 1276 966 cum

178 976 308 1043 οοριιιλον
325 983 555 1044 pronuntiationem
572 983 599 1030 et
618 983 761 1046 ignoratam
786 976 934 1050 mptum
957 978 1076 1052 propriae
1099 980 1172 1033 vocis
1193 979 1275 1050 sigui·

178 1043 304 1098 ficautiam
324 1051 351 1098 et
369 1044 499 1114 originem.

247 1145 274 1196 p.
289 1129 338 1182 105
349 1147 374 1182 v.
390 1130 431 1184 14.
448 1124 668 1214 καθηγούμενοι]
681 1147 744 1200 quos
756 1125 928 1201 ἦγοοριὲνοος
937 1147 1038 1201 quoquc
1047 1130 1167 1184 diuinum
1184 1148 1274 1198 προη-

178 1192 331 1266 ροομένοορ
352 1205 451 1266 sutem,
478 1215 523 1266 qur
546 1199 593 1252 bos
613 1199 642 1254 iu
664 1200 749 1254 officio
771 1207 978 1270 prosecuerant,
1001 1200 1201 1274 usupationis
1217 1215 1274 1254 mu·

179 1283 257 1334 uere,
275 1283 326 1336 quo
343 1285 373 1322 se
388 1266 552 1334 abdicarunt,
568 1274 627 1322 cunt
641 1268 732 1323 functi.

247 1367 312 1420 ibid.
345 1363 398 1436 τὴν
420 1367 576 1438 σφραγῖδα]
594 1364 762 1440 epidimata,
786 1370 970 1439 προχείρωιν,
991 1368 1275 1454 promotionemiutel·

178 1436 248 1506 lige,
274 1452 341 1505 quae
356 1439 426 1489 facto
443 1437 526 1489 crucis
545 1437 618 1506 signo
647 1438 828 1521 compleretur.
852 1439 967 1511 requires
991 1457 1018 1495 ιιι
1032 1437 1231 1508 Εοοιιοίοροὶιι
1247 1448 1275 1490 οι

178 1506 296 1560 eousrdes
311 1512 465 1576 postremam
480 1505 621 1578 superioris
637 1505 729 1577 capim
743 1514 838 1565 notem.

183 1615 188 1634 '
264 1613 300 1674 lb.
322 1629 349 1671 v.
372 1615 420 1677 17.
447 1609 499 1674 aul
521 1607 631 1693 οἱμὲν
654 1602 799 1694 οἷρχιερεΐς
818 1611 862 1688 εἷς
887 1607 1095 1696 προσκύνησιν
1120 1613 1178 1675 rori
1190 1610 1276 1691 βασι·

178 1692 271 1771 linc,
293 1691 337 1770 cie
358 1695 485 1777 εἴρηται,
510 1693 664 1778 ἐρχόμενοι
687 1693 760 1776 perol
780 1701 843 1759 τοῖν
862 1693 991 1778 ἐχόντων
1012 1693 1148 1778 pavidos
1174 1689 1277 1757 ου’νοῖν

178 1775 349 1862 ποταμούς]
370 1779 465 1839 Iunius
480 1802 509 1860 p.
523 1785 586 1846 212
599 1782 729 1840 editionis
742 1800 827 1860 suae,
842 1783 894 1844 1c
908 1789 950 1849 20
959 1803 987 1842 m
1004 1786 1061 1848 16:
1081 1784 1175 1841 mmai
1188 1785 1277 1839 autem

178 1867 326 1926 sacerdotes
340 1865 378 1924 ad
391 1865 561 1926 salutandum
572 1869 766 1946 imperatorem,
788 1873 821 1925 ut
835 1866 966 1941 dirimas,
985 1870 1115 1925 οοιιιοοιοι
1138 1884 1197 1923 curu
1213 1863 1278 1922 aliie

177 1951 323 2029 muudyum
341 1969 417 2010 suum
438 1951 601 2012 labentibus.
627 1969 784 2030 perperam
805 1949 867 2027 lege
887 1969 921 2009 ex
936 1952 1032 2008 codice
1047 1949 1181 2010 Lauther.
1203 1941 1279 2028 perci

178 2037 241 2098 coir
255 2029 381 2115 ἐχόντων
395 2029 539 2115 poneius
552 2029 656 2098 ον’τοῖν
665 2028 829 2115 ποταμούς.
848 2054 907 2093 eum
921 2035 1043 2113 madyti
1056 2039 1112 2093 suis
1121 2033 1277 2093 iubentibus
1292 2031 1316 2087 1³
1332 2033 1384 2088 263

174 2121 294 2200 fluuios,
316 2119 371 2180 hoe
384 2126 429 2179 est
442 2141 500 2181 eum
513 2121 635 2200 mundym
644 2120 791 2180 uadulotir.
813 2120 843 2178 in
866 2119 971 2198 scripto
985 2119 1122 2178 Graecob.
1136 2118 1154 2177 l.
1170 2115 1282 2184 2Tur·

179 2195 391 2282 emp-108:
410 2204 462 2266 ool
480 2206 583 2285 μονδῆ.
602 2201 638 2283 μὲ
657 2200 729 2277 τούς
749 2196 915 2284 ποταμούς.
936 2205 1099 2283 mardelco,
1120 2202 1212 2278 inquit
1235 2201 1282 2260 ille

180 2289 306 2348 Graecus
320 2287 349 2345 in
367 2286 503 2366 Turcogr.
517 2310 546 2368 p.
563 2291 639 2367 189,
660 2283 824 2370 lipovdmii
840 2286 926 2370 <piger
941 2281 1044 2350 dorcium
1060 2286 1079 2350 d
1097 2281 1282 2369 auspiciorum

181 2368 255 2455 perd
268 2375 427 2452 ποταμοῖν,
448 2370 498 2434 dui
524 2368 558 2436 to*
575 2369 745 2436 dodourrudu
760 2366 907 2449 ὀφείλειν.
929 2374 1029 2430 dicitur
1049 2391 1117 2449 ergo
1134 2367 1282 2450 peritiae,

180 2458 342 2539 paideian,
372 2458 475 2537 μονδῆ
495 2463 525 2516 et
544 2459 687 2538 paucior,
714 2477 732 2518 a
754 2475 810 2533 quo
827 2457 858 2514 in
880 2455 1018 2534 Tureogr.
1036 2477 1065 2536 p.
1091 2459 1151 2520 189
1166 2475 1282 2515 numero

179 2541 366 2603 multitudinis
382 2537 420 2614 sol
442 2541 560 2623 pausia.
585 2542 618 2605 ol
640 2537 786 2624 οἲρχιερεῖς
802 2541 936 2621 petroio
957 2543 1001 2614 εἰς
1022 2537 1059 2603 ui
1084 2542 1194 2621 μοντίο
1210 2536 1283 2612 τούς
1330 2544 1335 2554 “

180 2621 334 2706 ποταμοιῖς
348 2627 508 2703 κοκκίνοος
520 2625 573 2690 mul
587 2623 732 2709 ὄὶσπροος.
750 2628 888 2704 pontificer
900 2632 1008 2702 gestant
1020 2628 1050 2683 in
1068 2625 1163 2703 palliis
1178 2627 1282 2703 fluuios

181 2709 309 2793 (limbos)
331 2717 460 2774 emciueor
482 2719 507 2772 et
526 2713 607 2771 albor.
629 2711 793 2774 Germanice
809 2710 921 2783 uomet,
939 2729 957 2768 a
973 2708 1077 2768 Latino
1097 2709 1215 2790 morteto.
1237 2713 1283 2766 est

154 2797 155 2800 ’
181 2803 276 2858 autem
290 2791 426 2875 μανδῦοις
441 2797 533 2856 forma
550 2795 685 2876 similis-ei
697 2793 770 2853 vesti
783 2813 880 2852 sacrae
894 2812 980 2870 quam
992 2793 1077 2870 vulgo
1090 2810 1220 2851 vocamus
1240 2797 1284 2851 eim

181 2880 377 2950 roucdmoutel3
399 2885 429 2938 et
443 2897 500 2956 qua
512 2880 574 2959 ipse
590 2881 742 2960 imperator
758 2877 903 2938 Romanus
922 2879 1014 2938 adhuc
1026 2879 1056 2935 in
1069 2877 1282 2954 inauguratione

180 2965 309 3042 ius'gnin'
332 2970 362 3022 et
382 2965 460 3044 pingi
487 2965 560 3024 solet
585 2982 697 3040 quoque
719 2983 783 3022 cum
808 2961 982 3023 electoribus.
1017 2964 1132 3021 Simeon
1147 2963 1282 3038 magister

182 3051 337 3133 officiorum
349 3049 379 3106 in
395 3049 537 3109 Pandente
555 3049 664 3120 Hister.
705 3047 841 3108 Turcieae
861 3067 885 3107 a
912 3050 972 3111 199
995 3041 1171 3126 δικητήοιον
1183 3051 1282 3119 vocat3

183 3135 263 3214 quod
277 3134 378 3194 Graeci
391 3136 484 3212 rogati
505 3135 541 3194 ab
564 3141 678 3194 auctore
699 3133 858 3193 Pandeetue
881 3132 1138 3213 interpretabantur
1151 3126 1282 3210 iarpdu-
1363 3121 1368 3136 '

183 3221 275 3294 δοον,
298 3219 378 3294 quasi
392 3220 467 3278 (boas
481 3217 720 3300 supromautellum.
742 3219 818 3276 forte
831 3211 1007 3299 δικητήοιον
1027 3213 1108 3297 παρὰ
1120 3213 1178 3295 τήν
1191 3217 1282 3292 δίκην

182 3303 342 3382 derivatur,
363 3309 396 3363 ut
415 3311 444 3363 et
459 3305 641 3380 drmurlurou,
665 3303 742 3380 quod
759 3303 866 3381 imperii
887 3309 916 3361 et
937 3304 1087 3380 potestatis
1105 3303 1215 3378 insigne
1234 3301 1283 3360 sit.
1378 3357 1381 3362 .

182 3396 300 3464 eratque
312 3391 398 3448 vestis
419 3389 488 3450 baec
502 3395 562 3449 tam
574 3389 788 3466 imperatoribus
805 3407 890 3462 quam
902 3387 1066 3465 patriarchis
1081 3386 1198 3460 aliisque
1210 3405 1284 3465 pou-

184 3474 302 3532 tificibus
316 3475 485 3553 communis,
505 3481 538 3533 ut
559 3493 593 3534 ex
613 3473 788 3552 Curopalata
801 3478 831 3532 et
851 3471 1056 3549 Tarcograeeia
1081 3476 1207 3544 constat3
1231 3491 1284 3531 uec

184 3559 255 3617 satis
275 3564 342 3635 apte
361 3561 479 3620 vertitur
502 3559 737 3637 paludamentum,
764 3561 798 3616 nt
827 3557 955 3634 agnoseit
980 3558 1066 3616 etiam
1088 3554 1286 3633 Leuuelovius,

185 3661 249 3702 eum
268 3661 322 3700 vox
339 3643 408 3705 haec
431 3644 578 3703 militarem
605 3651 712 3702 vestem
742 3642 896 3720 significet,
924 3635 1176 3722 perelegantem
1200 3642 1285 3700 etiam

185 3732 267 3787 extra
288 3734 380 3788 castra
399 3730 503 3808 gestari
524 3729 714 3802 coruueverit3
734 3747 788 3787 nee
809 3728 845 3786 ab
864 3727 1033 3805 imperatore
1052 3732 1164 3784 tautum
1185 3726 1237 3784 sed
1254 3731 1285 3783 et

185 3813 222 3874 ab
241 3809 370 3872 ecelesiae
389 3813 579 3892 preesulssrus,
601 3813 702 3890 quibus
721 3813 938 3890 paludamentum
959 3817 1027 3888 apte
1048 3829 1131 3870 neruo
1146 3811 1285 3871 tribuerit.

185 3904 216 3956 et
229 3897 299 3956 haec
312 3899 513 3959 accommodari
529 3904 650 3976 possunt
663 3892 700 3956 ‘ad
715 3897 791 3956 varia
803 3896 865 3953 loca
883 3895 986 3954 Cadini
999 3897 1029 3954 iu
1044 3897 1145 3972 quibus
1155 3896 1286 3972 moudyae

186 3982 355 4043 mentionem
370 3984 445 4044 facit
474 3983 552 4058 quod
569 3981 665 4041 Iunius
686 3983 826 4056 mandyae
844 3980 981 4058 originem
1003 4000 1037 4039 ex
1056 3980 1170 4040 Persica
1188 3981 1286 4056 lingua

187 4067 301 4125 deducit
314 4089 343 4148 p.
362 4070 441 4146 386,
462 4069 491 4126 id
508 4068 592 4146 iacit,
613 4067 728 4145 opinor,
746 4070 780 4123 ut
799 4065 926 4124 Persicae
945 4065 1058 4144 liuguae
1073 4085 1132 4124 uon
1155 4066 1285 4141 ignarum

186 4153 312 4210 sciamus.
334 4151 419 4230 longe
432 4153 537 4212 facilius
556 4173 574 4210 a
597 4149 701 4210 Latino
719 4151 843 4209 martello
855 4157 907 4209 aut
927 4151 1092 4209 Germanico
1116 4151 1214 4209 mantel
1234 4149 1285 4206 de·

187 4236 321 4294 duxisset.
340 4256 393 4296 nec
413 4238 551 4298 assentior
563 4236 701 4314 Meursio,
722 4235 771 4311 qui
791 4235 832 4294 ita
851 4235 936 4315 legit,
957 4233 1113 4316 ἐρχόμενοι
1130 4229 1202 4313 perci
1220 4237 1284 4294 ctio

187 4315 316 4401 ἐχόνιοιν
329 4318 519 4407 puodiovpi
538 4315 707 4423 ποινμούςρ
723 4340 790 4386 uum
810 4340 909 4386 seusus
928 4326 1017 4382 esset:
1038 4321 1153 4402 epicopi
1174 4321 1284 4382 rodum
