3092 4942
506 329 554 401 llll
573 331 722 403 GOlllNl
752 336 840 404 GAP.
861 335 920 406 Vl.
1189 341 1266 414 279

166 494 372 556 acclamationis
384 498 477 558 factae
492 515 510 557 a
524 503 625 564 senatu
638 499 677 559 M.
696 497 843 560 Antonino
856 511 1054 564 commemorat
1073 501 1217 566 Vulcatius
1236 510 1266 569 in

166 581 267 642 Avidio
280 583 396 643 Cassio:
415 585 546 644 Antonine
566 585 631 662 Pie,
651 587 695 646 dii
710 594 736 646 te
754 593 865 646 surrent.
886 590 1017 649 Aatcm'm
1037 591 1159 665 clemens,
1182 594 1224 652 dii
1239 601 1266 654 te

165 674 274 731 samarit.
293 674 324 726 tu
333 669 444 728 nolra'sti
455 669 524 747 quod
536 671 648 731 licebat.-
661 691 708 730 nos
714 669 829 749 fecimus
843 673 914 752 quad
925 675 1041 733 mactat.
1063 675 1199 736 Commodo
1210 683 1263 738 iss·

158 759 263 834 perium
278 757 378 812 iustam
397 771 539 830 rogamus,
557 760 708 833 progeniem
725 762 801 816 tuam
823 759 925 818 rolora.
943 759 997 838 soc
1011 765 1099 820 securi
1115 765 1170 820 sim
1186 763 1266 822 lihesi

162 843 222 908 tui,·
244 839 336 896 honum
353 841 488 915 inspeciem
505 841 582 899 nulla
602 845 645 899 ais
664 841 755 901 laedit.
785 841 924 902 Ganmorlo
942 845 1075 904 Antonias
1091 846 1262 908 wammam

157 929 314 1004 potestatem
333 941 474 998 ragamus3
501 930 679 1001 praesentiam
708 931 785 985 tuam
812 939 952 1003 cogamo,
980 929 1163 1008 philosophiae
1189 938 1261 1007 tuae,

157 1011 306 1090 patientiae
323 1012 401 1080 tuae,
424 1007 653 1084 declamatum,
672 1011 810 1070 noh'litati
821 1019 901 1087 mae,
920 1017 1084 1074 innocmtiae
1103 1021 1175 1075 tuae.
1198 1021 1262 1076 ain-

160 1101 201 1156 cis
215 1095 351 1162 immicos,
371 1091 456 1152 hostes
469 1111 628 1171 exsuperas:
648 1095 690 1154 dii
703 1103 728 1154 te
742 1101 859 1155 tuentur.
1117 1103 1121 1108 '

245 1175 402 1253 Synodicae
420 1177 625 1238 acclamationis
644 1199 680 1238 en
704 1180 756 1240 tibi
770 1180 971 1260 exemplumex
986 1183 1173 1240 Oecumcuica
1191 1201 1260 1260 syn-

160 1264 218 1323 odo
235 1261 471 1340 chalcedonensi,
492 1263 557 1322 Act.
578 1269 615 1342 7,
637 1265 684 1323 ubi
697 1265 843 1326 Marciano
863 1268 1024 1344 imperatori
1046 1274 1077 1325 et
1097 1267 1261 1326 Pulcheriae

158 1347 328 1426 imperatrici
341 1337 496 1408 acclamant
508 1354 612 1426 patres.
633 1350 778 1410 Marciano
789 1372 857 1411 noua
869 1353 1058 1428 t'mrstmrhiro,
1078 1372 1144 1410 noco
1159 1342 1259 1428 Paulo,

159 1453 225 1494 nouo
234 1431 433 1495 Daaidmultos
446 1454 536 1494 annos.
557 1453 602 1492 aas
612 1439 674 1494 estis
681 1456 739 1512 pas
749 1438 835 1511 arth,
852 1442 898 1515 pie
911 1437 1019 1497 domasa
1041 1438 1161 1496 damiam
1174 1441 1260 1496 uitam

160 1523 188 1580 ei
196 1523 333 1576 aunuum.
350 1517 478 1596 aasfldes
489 1526 590 1578 nostra.
613 1519 751 1596 Christus,
772 1541 847 1600 mem
864 1523 990 1595 haumar,
1010 1525 1066 1600 epse
1078 1527 1105 1579 le
1121 1523 1257 1583 custodiet.

159 1603 332 1664 orthodoxam
341 1603 425 1682 fidem
440 1609 471 1662 tu
486 1605 623 1667 salmani.
647 1609 718 1664 ucat
738 1605 899 1684 Apodcliei,
920 1611 963 1665 ita
979 1608 1096 1665 aedith.
1117 1607 1259 1683 Augustae

158 1690 256 1748 mattos
277 1707 368 1746 annas.
393 1705 441 1745 aas
459 1689 561 1748 lumina
585 1691 745 1749 orthodoxae
758 1691 839 1768 fidei.
866 1698 973 1769 propter
995 1691 1060 1750 hoec
1086 1692 1181 1769 utique
1197 1711 1258 1769 pus

158 1781 209 1836 ca.
238 1774 339 1832 lumina
361 1775 457 1850 pacis,
478 1773 596 1847 domine,
616 1780 647 1832 tu
665 1775 776 1834 melodi.
797 1776 943 1835 luminaria
962 1777 1067 1849 mundi,
1087 1776 1204 1847 cluniae,
1227 1783 1258 1832 tu

158 1859 272 1918 custodi.
289 1863 419 1935 pemetuo
436 1864 559 1920 memoria
577 1878 644 1917 nouo
665 1860 848 1922 Constantina.
869 1881 937 1939 praue
952 1880 985 1920 cx
1001 1879 1094 1936 gernere
1112 1859 1258 1918 orthodoxa

158 1951 215 2020 est,
233 1943 297 2002 deus
310 1961 366 2001 earn
380 1942 521 2007 cudodiat.
543 1945 673 2003 custodem
679 1945 750 2023 fidei
761 1945 824 2004 deus
840 1945 982 2004 custodiat.
1004 1965 1061 2003 eum
1076 1947 1145 2020 quoe
1160 1963 1258 2021 suaper

154 2034 205 2110 piu
225 2034 264 2088 est
285 2027 350 2086 deus
372 2029 516 2088 custodiat.
536 2032 604 2107 piu,
628 2030 788 2101 orthodoxa,
809 2049 877 2108 poue
897 2033 1030 2088 contraria
1050 2034 1090 2087 est
1106 2028 1257 2102 haereticis,

158 2117 224 2174 deus
238 2131 295 2172 cam
310 2111 452 2174 custodiat.
473 2132 557 2172 manes
567 2115 710 2173 humeh'cos
723 2119 753 2172 tu
764 2114 888 2194 fugasti.
909 2112 1060 2172 Nestorium
1074 2119 1101 2171 et
1117 2113 1259 2192 Eutychen

157 2205 189 2258 tu
207 2203 395 2277 paroemiam.
427 2199 497 2256 alsit
516 2200 662 2257 inuidiae
682 2206 770 2257 aestro
785 2202 901 2276 imperio.
916 2199 1013 2277 fideles
1032 2202 1201 2276 imperatores
1218 2201 1259 2256 sic

156 2286 325 2344 locuuntur.
353 2281 417 2339 deus
434 2283 566 2341 uutodiat
582 2290 736 2361 potestatem
755 2290 885 2355 uestram,
904 2283 968 2342 mus
979 2285 1105 2363 pacificet
1121 2287 1258 2360 imperium

156 2376 282 2428 aestruere.
317 2366 482 2426 Marcianus
509 2388 592 2428 nouus
616 2367 823 2439 Constantinus,
858 2367 1003 2427 Pulcheria
1037 2387 1106 2426 noca
1133 2367 1254 2426 Helena.-
1269 2381 1294 2436 Ρ
1311 2382 1364 2440 217

157 2455 243 2514 selum
258 2451 376 2512 Helenae
402 2458 432 2510 tu
447 2455 567 2514 sectaris.
596 2459 686 2514 antro
705 2457 764 2514 cita
776 2456 906 2514 murrinos
921 2459 1073 2513 cunctmum
1088 2457 1144 2512 cst:
1165 2459 1256 2514 vestra

142 2539 221 2621 fides
231 2537 496 2614 ecclesiarumgloria
513 2545 559 2598 est.

241 2623 381 2682 similibus
402 2624 623 2702 epiphonematis
643 2631 778 2701 personat
797 2629 861 2683 tota
878 2625 1004 2702 syuodm
1029 2623 1180 2701 Cpolitana
1201 2622 1256 2681 sub

156 2709 243 2768 Meua
264 2705 426 2785 'patriarcha
448 2715 479 2768 et
504 2710 659 2768 Iustiniauo
685 2711 861 2786 imperatore.
883 2711 952 2785 quiin
972 2714 1003 2767 et
1026 2710 1055 2766 in
1075 2707 1256 2766 electionibus

155 2813 224 2853 usus
238 2799 299 2852 erat
315 2789 538 2873 ἐπιβοημᾶτων.
559 2795 589 2852 iu
610 2793 689 2851 Actis
710 2795 894 2852 ordinationis
911 2794 1022 2869 Emdii,
1055 2811 1120 2850 cum
1138 2792 1215 2849 illum
1233 2793 1257 2849 S

156 2879 332 2957 Augmstiuus
344 2880 400 2938 iam
414 2897 500 2938 senex
512 2880 589 2957 apud
604 2878 706 2937 clerum
717 2885 747 2936 et
756 2878 891 2956 populum
904 2897 1091 2936 successorem
1101 2877 1154 2934 sibi
1175 2877 1256 2954 dixit,

155 2970 223 3044 post
241 2965 297 3022 ista
313 2963 464 3040 Augustini
479 2965 564 3023 verba
575 2965 753 3041 presbyterum
770 2962 906 3021 Eradr'rsm
924 2963 991 3020 rnihi
1005 2981 1173 3020 successorem
1186 2963 1255 3035 colo,

155 3055 312 3125 sequuntur
324 3049 392 3106 ista:
414 3069 433 3105 a
440 3051 538 3127 populo
554 3049 730 3107 acclamatum
747 3055 800 3117 cst,
821 3047 1004 3122 deogratias,
1027 3047 1131 3104 Christo
1144 3046 1254 3114 laudem

155 3137 262 3194 dictum
284 3139 329 3192 est
347 3133 431 3191 vicies
447 3137 499 3192 ter.
525 3133 627 3194 exaudi
655 3133 773 3205 Christe,
800 3132 951 3207 Augustino
980 3135 1051 3189 citu:
1078 3131 1183 3189 dictum
1208 3135 1254 3188 est

155 3221 245 3280 sexies
270 3219 378 3278 dedas:
398 3223 425 3276 te
449 3224 569 3296 mtrem,
596 3224 622 3276 te
650 3221 804 3296 episcopum.
832 3218 938 3274 dictum
958 3223 1003 3275 est
1021 3217 1115 3274 octies.
1145 3235 1254 3295 cumque

155 3309 321 3382 rduudur,
354 3304 524 3384 Augmtinus
546 3307 683 3382 episcopus
708 3303 796 3380 dicit,
822 3322 876 3360 non
904 3322 968 3379 opus
993 3308 1033 3360 est
1048 3306 1097 3359 etc.
1124 3321 1205 3359 mox:
1233 3320 1253 3358 a

155 3394 270 3451 mariis
293 3389 433 3462 eccleciae,
458 3393 529 3450 sind
562 3391 686 3458 canius,
711 3391 879 3466 saepiuntur
907 3406 974 3464 puae
1001 3387 1128 3457 mamas,
1153 3388 1253 3462 accipi-

155 3483 239 3536 untur
265 3494 332 3554 geue
358 3474 466 3546 dicitis3
493 3481 520 3534 ct
546 3493 616 3533 meas
644 3491 726 3531 samo
753 3480 778 3530 ct
792 3478 906 3530 ¹orostrae
925 3470 1127 3531 acclamationes
1148 3473 1178 3529 in
1200 3475 1252 3528 ter-

153 3573 213 3621 ram
243 3580 295 3620 nou
319 3559 427 3619 cadunt.
462 3561 580 3639 apertius
600 3563 632 3616 ut
654 3558 755 3632 dicam,
784 3558 962 3616 aronnaco
987 3577 1056 3615 uuna
1080 3562 1158 3632 gesta
1187 3575 1252 3613 con-

147 3649 266 3726 ficimus.
300 3648 340 3702 sic
359 3646 427 3702 euim
448 3643 496 3702 hoc
515 3664 569 3702 csse
595 3648 722 3721 quamam
742 3641 780 3701 acl
795 3643 920 3701 homines
946 3644 1124 3720 carfirmotum
1141 3640 1210 3698 colo.
1232 3659 1252 3698 a

151 3731 250 3811 populo
264 3729 445 3792 acclamatum,
463 3734 501 3787 est
522 3731 644 3804 trigesies
663 3729 763 3800 senia,
794 3726 841 3785 deo
867 3730 989 3802 malias,
1019 3727 1123 3784 Ghrmto
1147 3725 1249 3786 uades

154 3815 256 3885 eaaudi
271 3814 386 3873 Christe:
408 3814 559 3890 Augustino
578 3815 653 3872 uita:
673 3813 779 3870 dictum
797 3817 842 3870 est
860 3811 1002 3870 tredecies.
1026 3815 1056 3867 et
1079 3808 1132 3867 sub
1152 3809 1250 3867 fiueum

155 3901 198 3960 hic
210 3901 277 3960 mihi
289 3901 451 3978 responsione
462 3904 550 3956 cestra
560 3917 623 3978 opus
636 3903 682 3957 ert.
701 3904 802 3973 mnsam
814 3899 999 3974 repensionem
1015 3903 1140 3954 uestram.
1154 3895 1186 3952 de
1201 3894 1252 3953 hac

155 3989 297 4046 assohooe
307 3983 412 4062 aliquid
424 3984 580 4044 acclamate.
624 4003 642 4041 a
653 3982 752 4060 popula
769 3982 956 4054 acclamatum,
969 3983 1033 4058 fiat,
1049 3983 1123 4060 fiat:
1144 3981 1250 4037 dictum

153 4071 238 4130 vicies
250 4070 406 4146 quinquies.
447 4067 560 4144 dignum
580 4074 628 4141 est,
649 4070 750 4125 iustum
772 4072 821 4142 est,
842 4067 948 4124 dictum
963 4065 1046 4123 vicies
1065 4066 1159 4124 octies.
1181 4067 1250 4142 fiat,

147 4159 222 4233 seat:
241 4156 346 4214 dictum
364 4157 465 4229 quater
485 4153 587 4212 decies.
629 4151 691 4210 clim
707 4152 825 4228 dignus,
847 4153 909 4210 otia
929 4156 1053 4209 meritus:
1082 4150 1188 4208 dictum
1208 4148 1250 4204 vi-

154 4242 211 4300 cies
234 4240 391 4316 quinquies.
432 4237 534 4299 iudicia
548 4245 594 4298 tuo
611 4241 717 4314 gratias
732 4240 855 4312 mnus:
886 4236 991 4296 dictum
1016 4235 1161 4294 tredecies.
1201 4251 1250 4289 eu-

153 4325 224 4386 audi
251 4325 370 4404 Christe,
397 4323 531 4388 Erudiarn
560 4340 696 4385 cauum:
726 4322 833 4384 dictum
856 4321 944 4383 octies
970 4321 1070 4380 decies
1112 4319 1190 4379 vides
1206 4317 1253 4376 hic
