3092 4942
539 327 585 392 IN
614 327 765 402 CODINI
791 329 877 401 coP.
902 329 930 401 1.
1212 333 1282 405 143

182 483 230 544 tut
246 487 297 558 τῆς
313 481 392 554 [sanic
406 484 599 550 καταστάσεως
621 488 648 541 in
668 489 785 558 bemate,
802 488 836 544 sd
850 490 917 544 osori
937 492 1026 546 altoris
1043 491 1125 558 istos,
1142 496 1282 552 constitus-

182 562 261 622 ront‚
278 557 438 626 quiinvenss
452 557 489 608 irr
521 559 603 610 oietos
613 563 641 610 et
650 559 754 620 faciles,
771 559 980 614 snaaoctoritete
1001 561 1119 627 sedatos,
1138 565 1170 615 ab
1183 565 1281 622 iniuriis

184 635 214 682 et
223 626 428 680 eontentionibns
440 630 468 677 et
477 627 503 677 in
520 627 602 678 eeoris
612 627 712 680 notibus
724 627 756 679 sd
767 628 858 681 bonam
869 631 967 698 frugem
981 631 1125 686 reduceret.
1162 650 1211 686 non
1223 637 1281 706 pla-

184 697 248 750 oot'd
265 695 300 748 sit
309 695 352 747 ilie
362 698 391 748 s'o
401 696 474 748 reboo
485 698 567 748 saeris
586 696 733 764 dirigendis
747 701 913 764 praefectos:
931 699 957 752 id
976 715 1085 770 nomque
1101 699 1137 754 ilii
1151 701 1281 758 incombe-

183 766 248 831 bot,
265 771 294 817 no
314 781 347 817 es
357 764 517 834 praescripto
529 774 557 816 et
566 771 710 816 sanctorum
721 774 822 833 potrum
834 767 938 821 sancitis
951 785 993 822 res
1007 769 1092 822 divina
1104 780 1280 839 perageretur,

183 840 341 902 eaveretqoe
357 850 390 885 ns
408 831 466 899 quis
488 840 563 884 extro
579 833 750 902 praescriptos
769 833 862 887 limites
884 836 974 904 pedem
997 837 1112 891 efferret.
1147 840 1210 894 hoec
1226 841 1279 898 ille.

183 904 272 986 placet
289 919 353 971 pros
370 900 480 954 seeundo
498 901 567 970 prior
583 901 725 970 expositio:
749 908 779 954 at
798 903 863 955 enim
881 905 951 972 prior
968 899 1014 959 tet
1027 907 1083 960 sois
1100 903 1233 974 σεκρέτων
1251 911 1278 962 io

182 971 284 1023 indiciis
293 970 405 1022 ordinem
415 979 443 1022 et
452 970 577 1039 quietem,
595 970 633 1022 ita
649 971 692 1022 bio
709 970 736 1022 in
755 986 831 1024 sacro
842 972 961 1027 tribunali
972 991 1065 1028 morum
1076 978 1280 1045 compositionem

182 1040 288 1103 indicit3
305 1032 406 1092 neodui
418 1039 473 1092 sois
485 1032 620 1104 respiras
630 1039 701 1106 leges
713 1040 800 1108 ponit,
819 1057 868 1092 neo
881 1041 923 1094 hio
934 1049 1034 1113 petrum
1054 1045 1166 1111 sancito,
1182 1046 1230 1100 nisi
1247 1049 1280 1100 od

182 1108 330 1162 modestiam
346 1112 481 1177 spectent,
507 1107 668 1160 observanda
686 1107 815 1178 proponit.
849 1109 934 1178 Regis
951 1113 1070 1184 superius
1084 1113 1177 1168 allatas
1201 1109 1280 1171 ὄέπὶ

183 1178 235 1248 τῆς
250 1173 327 1248 ἱεραῖς
343 1171 534 1241 καταστάσεως
549 1173 589 1242 εἰς
604 1170 638 1231 sd
653 1180 749 1231 ποιεῖν
763 1171 903 1246 εὐταξίαν.

615 1409 823 1428 nunu—un*

434 1639 975 1736 *CAPUTVIIL

267 1895 296 1955 p.
311 1872 331 1939 ⁵
344 1891 370 1934 r.
385 1875 414 1938 8.
448 1823 574 1931 Primos
587 1871 617 1930 in
631 1876 732 1948 quarta
745 1874 869 1953 pentade
879 1875 988 1934 obtinet
1001 1870 1020 1938 d
1031 1869 1280 1958 ὖπσμιμνήσκαν,
1297 1889 1321 1941 Ρ
1340 1889 1390 1942 168

182 1970 302 2040 monitor,
316 1964 408 2040 inquit
421 1964 528 2045 Iunius,
544 1963 586 2036 εἰς
597 1958 631 2024 τὸ
643 1963 816 2042 ἐνθυμίζειν
827 1959 880 2026 adv
893 1959 1029 2044 ἆρχιερὲα
1042 1968 1201 2044 μυστικῶς.
1215 1986 1280 2044 ego,

180 2053 207 2109 si
224 2071 292 2108 usus
304 2051 394 2126 ferat,
413 2051 506 2109 malim
524 2054 715 2125 mggestorems
729 2065 796 2106 nam
811 2044 1053 2129 ὑπομιμνήσκειν
1067 2055 1111 2108 est
1127 2069 1280 2130 suggerere,

182 2140 264 2194 mesti
275 2133 414 2210 mdis'ee'ro,
425 2144 455 2194 et
470 2142 504 2195 ot
522 2134 649 2192 Codinas
666 2131 806 2210 loquitur,
825 2132 1012 2213 ἕνθυμίζειν,
1029 2135 1109 2210 (μισεῖ
1125 2134 1231 2210 aliquid
1249 2139 1281 2196 αι

183 2227 265 2280 inmte
278 2240 392 2300 ponese3
414 2226 444 2280 et
458 2227 502 2279 est
520 2219 654 2296 quiddam
668 2218 823 2276 restrictius
842 2219 989 2296 minusque
1008 2220 1101 2278 fusum
1118 2238 1202 2296 quam
1222 2242 1280 2281 mo-

182 2325 257 2365 nere:
286 2324 352 2364 nom
372 2309 402 2362 et
423 2325 573 2364 memorem
597 2322 711 2362 monere
731 2323 888 2381 possumus.
930 2307 1041 2363 videtur
1066 2325 1134 2382 ergo
1158 2307 1279 2366 officium

182 2393 239 2452 sori·
264 2383 547 2470 ὑπομιμνήσκοντος
572 2389 626 2446 hoo
654 2389 755 2466 fuisse,
792 2393 826 2448 ot
848 2390 1022 2468 patriarchae
1050 2390 1214 2450 sacrificanti
1234 2391 1278 2450 vel

181 2475 267 2535 verba
288 2476 326 2533 ad
342 2476 479 2554 populum
496 2474 609 2534 facienti
623 2475 789 2550 adsisteret,
810 2475 907 2552 eique,
928 2475 952 2533 si
971 2475 1071 2534 alicubi
1088 2478 1220 2535 memoria
1236 2477 1278 2535 la-

181 2560 312 2637 beretur,
334 2563 461 2638 mystice,
485 2561 539 2619 hoe
554 2564 599 2618 est
615 2557 703 2634 clam,
721 2558 844 2636 occulte,
868 2562 1046 2638 suggerendo
1060 2561 1228 2620 subveniret.
1254 2562 1279 2620 si

182 2647 245 2721 qais
255 2645 309 2704 hoc
318 2645 439 2705 officiam
450 2647 534 2704 etiam
547 2653 626 2703 extra
638 2643 736 2721 templi
744 2645 832 2720 adyta
845 2649 970 2722 proferre
986 2651 1016 2704 et
1030 2647 1128 2704 efferre
1138 2635 1214 2723 ielit,
1224 2666 1278 2724 pu-

181 2737 280 2806 tetque
289 2725 345 2792 τδν
356 2727 624 2810 ὑπομιμνήσκοντα
637 2729 723 2786 fuisse
735 2727 853 2788 similem
864 2729 902 2788 illi
914 2731 962 2806 qui
972 2731 1046 2789 inter
1055 2731 1146 2789 officie
1154 2732 1278 2810 palatina

181 2835 200 2874 a
215 2816 326 2874 Codino
343 2836 367 2874 o
381 2818 403 2877 2
416 2837 444 2894 p.
463 2819 500 2880 11
521 2818 558 2878 17
570 2812 761 2891 appellaturo‘
779 2812 829 2877 dari
843 2808 1053 2895 ἄναμνήσεων,
1068 2834 1207 2891 quemque
1221 2814 1281 2872 Le-

182 2901 235 2959 tini
252 2921 271 2959 o
288 2903 411 2960 mensorio
431 2921 482 2959 seu
503 2903 661 2977 magistram
680 2902 818 2958 meraniae
831 2903 990 2978 nominant,
1015 2921 1077 2957 com
1090 2919 1124 2957 eo
1139 2920 1197 2972 aon
1211 2919 1278 2958 com

182 2986 311 3043 tendam:
339 2986 526 3060 nequeenim
544 3005 563 3044 a
578 3005 644 3043 vero
665 2983 785 3042 alienum
807 2991 851 3042 est
873 2984 1031 3043 huiusmodi
1052 2984 1173 3042 officium
1191 2985 1278 3042 fuisse

180 3071 211 3127 in
228 3070 342 3128 ecelesia
358 3070 524 3147 Cpolitane,
548 3089 606 3129 non
622 3071 707 3127 modo
727 3072 802 3127 intra
828 3071 880 3126 sed
904 3075 933 3128 et
957 3076 1036 3128 extra
1064 3067 1206 3146 templum.
1248 3070 1278 3128 in

182 3155 288 3213 concil.
308 3153 402 3231 Lugd
419 3157 450 3214 in
467 3157 548 3234 epist
570 3157 609 3214 od
626 3154 713 3232 Greg.
738 3155 766 3212 X
788 3159 924 3212 vocenarr
948 3155 980 3217 οἱ
999 3150 1280 3234 ὑπομιμνήσκοντες

180 3243 392 3300 faeneratoris.
1165 3289 1168 3298 ,

247 3354 389 3439 dilatione:
414 3347 665 3436 ddxopppssiosms
685 3345 832 3433 δεχόμενος
862 3344 913 3434 μὰς
933 3346 1194 3438 ὑπομνήσειςῇὤα.
1207 3346 1277 3404 ὑπο·

135 3551 143 3558 ,
179 3417 1279 3561 ttttttttitttt⁰ttss¹⁰tgittmtii¹tt³„immittituit335:

180 3577 236 3614 sum
248 3562 433 3615 sommenton'o
443 3577 588 3628 exponere,
612 3576 667 3612 eam
684 3557 767 3625 Regia
782 3557 894 3612 scribant
905 3553 920 3610 d
932 3554 1225 3628 ὑπσμνηματομράφσς
1238 3556 1279 3620 εἰς

178 3624 214 3683 τὰ
239 3622 473 3697 ὑπογράψαντα
495 3624 692 3697 ὑπομνήματα.
734 3629 930 3694 oommentsria,
959 3629 1058 3682 relictis
1081 3629 1277 3692 memoriaiibus,

179 3715 232 3752 non
242 3706 302 3753 sont
312 3698 355 3750 hie
369 3696 534 3750 coniioienda.

262 3805 301 3866 ὥ.
329 3822 355 3862 v.
380 3809 409 3869 9.
434 3793 496 3860 'De
523 3800 636 3878 reliquis
666 3800 748 3859 huius
771 3801 902 3880 pentadis
930 3801 1007 3859 nulla
1038 3806 1083 3860 est
1111 3801 1277 3860 difficultas:

178 3906 245 3946 nam
262 3890 339 3947 unde
352 3893 478 3967 raimpret
487 3888 635 3964 evangelii,
655 3890 784 3964 interpres
798 3887 927 3965 apostoli,
948 3891 1074 3965 interpres
1085 3888 1211 3964 psalterii
1223 3905 1276 3944 no-

178 3975 253 4032 mina
268 3975 337 4034 haee
358 3973 544 4051 sumpserint,
567 3991 618 4050 per
639 3990 671 4028 se
691 3976 791 4030 notum
819 3977 872 4028 est.
914 3971 1044 4031 videntur
1063 3978 1156 4030 antem
1178 3966 1275 4028 unias·
1341 3979 1345 3991 ’

177 4059 312 4134 caiusque
328 4060 439 4135 generis
460 4058 548 4115 fuisse
569 4057 674 4134 gradus
695 4056 804 4114 diversi.
846 4075 912 4114 nam
936 4076 960 4115 c.
981 4061 1000 4120 6
1021 4077 1049 4135 p.
1076 4059 1118 4121 46
1157 4059 1197 4119 12
1223 4073 1276 4112 no-

175 4144 266 4203 minat
281 4144 409 4205 eodinus
427 4141 707 4220 protapostolarium,
721 4142 751 4198 id
772 4147 818 4198 est
833 4143 949 4218 pomam
970 4145 1133 4220 interpretem
1151 4141 1273 4219 apostoli.

247 4258 312 4313 idid.
347 4249 363 4312 d
390 4250 557 4317 διδάσκαλος
578 4254 630 4306 τοῦ
651 4239 820 4322 edos'yystlov]
855 4254 927 4309 huius
950 4260 978 4308 et
1006 4255 1164 4325 sequentium
1187 4269 1275 4305 sacro-

177 4339 234 4381 rum
252 4334 380 4382 oratomm
397 4341 502 4380 munero
517 4326 550 4378 sd
568 4322 642 4377 nnius
661 4322 772 4377 officium
786 4330 910 4378 revocant
923 4325 1066 4379 dilatione:
1083 4318 1279 4386 ddsdoiosstoe
