3092 4942
434 415 436 423 A
511 335 557 406 tn
579 330 840 412 commane·
854 335 931 408 nu.
1192 341 1267 414 aas

58 478 61 486 ’
173 496 288 574 quintae
301 493 484 556 hebdomadis
497 497 743 576 quadragesimalis
764 502 912 576 usquead
933 499 1084 565 secundam
1102 501 1201 562 feriam.
1217 523 1268 580 pa·

172 582 294 659 acbatis,
314 599 372 658 quo
391 582 437 640 die
456 583 629 642 referebatur
644 578 721 664 πρός
738 576 795 646 eds
812 585 867 663 τῆς
886 578 1036 648 θεοτόκου
1049 583 1125 649 vada
1140 583 1195 650 ulo
1208 592 1271 649 τῶν

172 665 291 748 ὁδηγῶν
319 663 517 744 κεκλημένον,
545 673 578 727 ut
600 668 725 744 loquitur
747 668 876 729 Zonaras
898 670 928 729 in
953 671 1069 747 imperio
1091 670 1234 731 Michaelis
1255 672 1270 732 1

173 749 342 834 Theophili,
368 751 414 810 cni
436 752 568 812 adiuncta
590 759 652 813 erat
679 749 760 834 μονή
778 773 829 814 sen
849 755 1048 814 monasterium
1060 759 1121 816 τοῖν
1137 755 1268 838 ὁδηγῶν,

173 843 207 896 ut
225 856 259 896 er
282 835 441 914 Nicephoro
466 837 595 914 Gregora
612 837 632 898 l
652 842 815 904 2constat:
836 837 901 897 hinc
913 840 977 918 ipsa
990 841 1083 916 imago
1096 837 1269 918 ὁδηνήτοιο,
1289 871 1292 876 ·

174 922 256 998 quasi
268 921 324 982 dux
338 924 414 995 aiae,
430 921 638 1000 appellabatur.
680 941 733 982 nec
754 924 947 984 adducebatur
966 944 1002 982 ex
1020 923 1126 1002 templo
1138 925 1270 983 Blacher-

173 1008 240 1084 nio‚
256 1011 289 1064 nt
302 1010 386 1084 putat
399 1005 577 1084 scholiastes,
597 1007 648 1068 sed
669 1025 704 1066 ex
720 1008 826 1087 templo
842 1015 923 1067 etex
935 1009 1106 1070 monasterio
1119 1013 1181 1071 coir
1196 1009 1270 1090 oto-

173 1095 255 1174 yoiv,
276 1091 353 1165 quod
370 1109 389 1148 a
402 1091 506 1170 templo
519 1090 684 1152 Blachernio
698 1093 862 1152 datmctum
876 1100 945 1153 erat.

182 1239 183 1244 χ
258 1175 316 1234 Sed
330 1175 432 1254 probat
444 1176 474 1233 id
491 1195 525 1235 ex
539 1175 675 1254 gradibus
693 1178 824 1255 excelsis,
841 1179 878 1236 de
892 1177 995 1255 quibua
1007 1175 1181 1255 Cutopalata
1193 1196 1217 1234 c
1231 1179 1270 1240 12

175 1265 205 1328 et
218 1280 242 1320 c
258 1259 320 1338 15,
340 1265 420 1338 quari
431 1261 477 1320 illi
484 1259 588 1339 stertat
601 1265 631 1322 in
645 1263 738 1340 templo
749 1262 918 1323 Bloelemio.
958 1267 990 1323 at
1002 1280 1102 1339 parum
1113 1261 1189 1320 valet
1201 1261 1272 1319 baec

156 1399 158 1403 .
175 1345 321 1424 probatio:
342 1363 408 1404 nam
422 1363 589 1420 quoeunque
600 1346 654 1404 iret
668 1347 837 1424 imperator,
855 1366 966 1425 semper
978 1348 1016 1407 ad
1028 1346 1151 1408 excelsos
1164 1346 1271 1424 gradus

175 1448 272 1506 usqne
286 1430 478 1489 deducebatur
498 1450 518 1492 a
535 1429 689 1507 Barangis,
712 1437 745 1490 ut
762 1433 856 1508 inquit
877 1431 1050 1510 curopalate
1070 1451 1094 1489 c
1119 1432 1165 1494 15.
1187 1450 1271 1508 opor·
1287 1439 1310 1492 P
1326 1437 1379 1494 242

176 1521 219 1574 tet
240 1534 308 1593 ergo
324 1513 377 1574 hos
401 1515 523 1574 excelsos
542 1517 648 1592 gradus
669 1515 735 1576 alibi
747 1517 834 1576 fnisse
847 1535 931 1593 qnam
944 1517 974 1574 in'
987 1515 1153 1588 ¹blachernis
1166 1514 1273 1591 templo

175 1599 220 1658 vel
240 1600 270 1656 in
290 1599 337 1658 via
356 1599 393 1660 ad
412 1599 504 1658 solum
515 1599 710 1664 Blachernium
722 1600 878 1681 ternplum,
897 1603 962 1680 quia
974 1602 1127 1680 imperator
1141 1618 1200 1658 aon
1213 1599 1274 1658 ibat

175 1703 286 1763 semper
309 1683 346 1743 ad
367 1684 502 1765 templum
521 1683 732 1763 mechaniam,
760 1691 791 1746 et
808 1686 983 1765 Cnropalata
1004 1686 1109 1752 diserte
1124 1684 1273 1760 distinguit

175 1770 229 1840 hos
243 1769 349 1846 gradus
363 1787 382 1827 a
397 1769 505 1850 ,templo
520 1769 702 1846 Blachernio‚
725 1789 789 1828 cum
802 1771 877 1830 dieat
889 1771 1086 1850 imperatorem
1099 1769 1272 1844 equitantem

176 1873 287 1932 semper
307 1853 408 1912 deduci
429 1873 519 1930 usque
539 1856 577 1914 ad
594 1853 717 1912 excelsos
738 1856 861 1933 gradem,
887 1857 917 1914 in
940 1857 1014 1914 festo
1035 1860 1130 1913 autem
1141 1872 1274 1913 occursus

177 1939 264 2018 (seu,
280 1943 313 1996 ut
326 1957 379 1996 nos
391 1957 541 2016 vocamus,
560 1939 759 2018 purificationis
774 1941 802 1998 d.
812 1938 943 2018 virginis)
955 1940 1040 1998 etiam
1051 1956 1143 2012 usque
1155 1938 1193 1996 ad
1202 1942 1274 1994 tem-

178 2024 256 2106 plum
268 2018 498 2084 Blachernarum:
519 2043 585 2083 nam
594 2023 697 2086 adhoc
712 2023 847 2104 templrun
859 2024 914 2084 hoc
927 2025 974 2082 die
992 2024 1032 2082 rei
1051 2022 1161 2080 divinae
1181 2021 1274 2098 gratia

177 2108 339 2170 conserebat
350 2110 554 2188 seimperator.

244 2205 342 2272 Magna
365 2204 528 2258 contentione
550 2203 670 2259 dimicant
693 2203 780 2258 Iuctius
804 2207 832 2257 st
852 2203 995 2256 Gretsorus
1018 2198 1083 2268 περὶ
1106 2200 1163 2254 τῶν
1183 2197 1275 2280 ‘Paq-

178 2273 249 2339 lois,
273 2274 308 2326 tls
329 2275 458 2356 gradibus
482 2274 585 2326 mna
610 2274 669 2340 GP,
690 2273 798 2338 ubinam,
813 2270 971 2341 reponendi!
1001 2270 1046 2323 ille
1069 2270 1095 2322 in
1121 2269 1274 2323 Blachernro

178 2341 289 2424 templo,
313 2341 354 2393 lnc
376 2341 402 2394 in
424 2339 521 2412 palatio
544 2341 608 2396 sitos
630 2341 765 2395 contendit.
786 2341 853 2394 iuter
873 2341 1057 2394 contendentes
1078 2338 1175 2391 arbiter
1191 2336 1275 2389 neutri

178 2411 249 2464 litem
268 2413 393 2478 mtegram
414 2409 548 2474 adiudico,
570 2427 586 2462 a
611 2427 673 2464 vero
695 2409 818 2479 siquiden
840 2408 896 2461 coir
916 2403 1047 2476 ’Τψηλῶν
1068 2422 1146 2460 sensu
1170 2407 1275 2458 aberrat

179 2488 296 2549 uterquc.
314 2477 401 2548 ecquis
417 2479 481 2532 sninr
499 2477 525 2530 in
541 2479 589 2530 hac
605 2495 669 2532 vocs
692 2478 789 2548 gradm
809 2477 986 2545 intelligendos
1003 2480 1091 2547 putet,
1111 2490 1209 2527 acuon
1226 2490 1276 2543 po-

179 2549 231 2602 tius
252 2546 380 2600 excelsum
404 2563 435 2600 ac
456 2547 562 2616 fastigio
584 2547 689 2602 sublime
711 2545 882 2606 aedilicium?
899 2550 928 2598 at
949 2563 991 2615 ns!
1004 2544 1075 2597 velut
1097 2541 1225 2596 maritans
1248 2544 1277 2593 et

179 2617 285 2688 ignarm
299 2615 378 2668 iudex
392 2615 461 2668 litera
478 2615 610 2681 dirimam,
635 2622 681 2669 aut
697 2613 785 2685 potius
801 2614 983 2667 andabatarum
999 2629 1070 2664 more
1091 2629 1148 2663 cu·
1165 2618 1277 2676 utroquo

178 2701 306 2809 pepusam,
324 2683 401 2737 dubio
420 2690 507 2738 certus
530 2690 622 2738 auctor
643 2685 723 2737 lucem
747 2682 840 2738 afferat
861 2682 970 2734 Nicetes
992 2679 1083 2732 lsaacii
1097 2678 1190 2746 Angsli
1206 2679 1225 2731 Ι.
1241 2678 1277 2729 22

181 2773 264 2883 litore
283 2822 339 2876 τῶν
357 2822 533 2890 Bttrxsosoir,
555 2817 595 2882 εἰς
616 2815 652 2873 τοὶ
674 2823 807 2886 leporiana
830 2814 947 2886 Τψηλοὶ,
971 2811 1006 2869 δι’
1025 2806 1059 2883 ἧς
1074 2813 1165 2880 ὄροιτο
1180 2831 1217 2881 ην
1233 2830 1270 2865 τοι

179 2888 325 2958 ἱππήλατον
336 2889 419 2944 πεδία
429 2885 465 2942 col
477 2886 582 2952 ἔξωθεν
593 2889 649 2940 τῶν
665 2881 806 2950 ἐπάλξεων
815 2879 847 2938 te
857 2889 918 2946 τοῖς
930 2883 1107 2945 Φιλοποιτίοις
1115 2877 1277 2939 masuras-

180 2961 275 3025 ζοντα.
293 2959 404 3010 observa
421 2951 457 3010 τοὶ
469 2951 586 3025 ‘quloi
606 2957 683 3010 altum
701 2953 844 3008 lllachernii
860 2953 949 3025 palatii
964 2952 1118 3017 aediticium,
1133 2950 1202 3002 unde
1213 2948 1279 3001 aab·

181 3030 249 3082 iecta
266 3023 463 3098 Philopatiensis
486 3025 604 3096 planities
626 3025 777 3093 detegatur,
801 3039 853 3074 non
871 3019 967 3090 gradus
984 3017 1146 3089 quantumvis
1162 3017 1278 3072 excelsos
1325 3062 1327 3068 Α

182 3097 311 3160 indicare,
327 3113 376 3148 nec
388 3095 414 3148 in
434 3093 520 3148 maiori
536 3093 651 3164 palatio,
668 3109 718 3162 qup
731 3091 826 3145 soleret
842 3087 1101 3161 imperator-morari,
1116 3086 1181 3141 alios
1191 3085 1277 3138 crosl-

181 3169 263 3221 siores
286 3165 381 3232 gradus
404 3163 637 3216 comminiscendum
663 3179 717 3216 earn
743 3161 866 3222 obrem,
890 3176 947 3212 curn
962 3157 988 3210 in
1006 3155 1154 3210 sxhibaudls
1169 3153 1280 3207 raddan-

184 3236 276 3302 disqne
293 3232 396 3287 honoris
413 3231 506 3286 officiis
521 3231 623 3299 longius
638 3246 739 3300 semper
759 3229 787 3282 in
805 3227 911 3282 dseesm
926 3228 1067 3280 deducatur
1082 3224 1124 3278 vir
1138 3225 1281 3278 honoratus

203 3321 260 3356 nam
275 3302 302 3354 in
319 3318 422 3356 accessu
438 3294 520 3354 eidem
536 3305 700 3366 occurratur,
717 3315 765 3382 par
778 3303 818 3352 est
836 3305 866 3350 ut
880 3297 902 3349 si
917 3297 967 3364 τῆς
988 3289 1155 3363 ὁὸηνητοίοις
1175 3289 1281 3358 imagini

180 3323 267 3494 {oderi
282 3367 354 3492 {wlf
371 3370 423 3491 eqd
433 3364 671 3490 naluctoodaffle
685 3383 792 3488 prrrrpnnr
803 3359 1282 3486 ocpurritimplqratorpelprpqrnswmualto

183 3457 287 3579 atat
306 3455 567 3576 attaholt?
590 3452 739 3577 ροσοέἰέῗὲ
758 3449 1066 3570 {bmniissliilf'o
1090 3447 1166 3568 qni
1182 3496 1219 3549 n
1240 3495 1283 3578 nn

184 3585 293 3643 auctor,
310 3571 446 3646 μὲχοινοιί
461 3575 517 3628 τῶν
528 3570 673 3642 ‘thaninim
690 3573 767 3640 longo
784 3573 844 3625 riae
857 3578 957 3635 trama,
974 3568 1047 3623 caius
1057 3566 1227 3620 accessionem
1242 3582 1281 3616 rn-

185 3647 255 3700 dicat
270 3646 397 3716 particula
413 3643 479 3711 ναί,
495 3643 528 3696 ad
544 3642 627 3697 locttru
644 3659 735 3712 nempe
749 3635 860 3710 ‘ihpqlci
877 3647 1012 3706 varmum,
1028 3654 1103 3706 quern
1119 3641 1210 3689 auctor
1226 3633 1284 3715 ipss

222 2770 301 2807 κνοοι
316 2747 348 2806 τὸ
364 2753 536 2818 enodavero
552 2752 634 2822 (aliud
648 2749 778 2820 exemplar
793 2749 857 2837 legit
871 2745 923 2817 τὴν
940 2747 1061 2815 hoton)
1080 2740 1110 2799 ἕν
1126 2745 1277 2829 τοὶῖςςβαοιῖ

729 2816 736 2836 Ι

184 3716 212 3768 in
225 3713 374 3768 Blachernio
385 3713 478 3832 palatio
490 3712 531 3766 vel
543 3711 576 3766 sd
587 3710 650 3764 illud
661 3711 733 3764 iuxta
743 3709 845 3780 reponit
855 3726 878 3760 c.
894 3709 935 3774 15,
953 3725 980 3776 p.
991 3710 1026 3761 80
1035 3723 1062 3759 v.
1075 3707 1118 3771 19,
1127 3703 1171 3758 ubi
1183 3702 1220 3756 ait
1234 3717 1285 3754 rm-

185 3789 331 3854 peratorem
342 3781 375 3834 ad
407 3781 580 3834 lachernarum
591 3779 723 3850 ternplum,
737 3780 779 3830 eui
789 3776 900 3830 vicinum
915 3782 972 3829 erat
992 3771 1104 3827 eiusdem
1117 3771 1224 3824 nominis
1236 3786 1285 3838 pa-

184 3852 290 3916 latium,
305 3869 323 3905 a
337 3849 462 3918 bertegis
472 3848 565 3902 dedual
574 3845 653 3917 μέχρι
664 3848 719 3901 τῶν
731 3843 878 3914 ‘vraqtoim
895 3849 966 3896 certe
980 3859 1030 3895 non
1046 3842 1080 3896 td
1096 3841 1212 3895 excelsos
1221 3854 1285 3906 gra-

186 3921 234 3974 dus
258 3922 312 3975 clus
338 3938 354 3971 a
378 3935 428 3986 quo
454 3919 683 3987 luerattegressus
707 3915 808 3987 palatii,
829 3913 874 3967 scd
895 3913 930 3966 ad
944 3912 1097 3965 destinatum
1112 3908 1234 3974 alterius,
1251 3904 1286 3959 ad

182 3990 258 4062 quod
274 3989 417 4050 tendebat‚=
427 3988 518 4042 locunt.

272 4061 355 4120 Adde
376 4062 453 4135 quod
475 4060 536 4146 ipse
558 4058 710 4136 imperator
730 4055 879 4132 imaginem
894 4052 1085 4128 Hodegetriae
1099 4047 1286 4124 secunda-pa·

185 4147 292 4206 acbatis
314 4147 385 4206 feria
406 4146 443 4205 ad
465 4145 580 4224 propria
599 4147 785 4200 revertentem
806 4138 939 4218 prosequi
955 4137 1065 4196 solebat
1082 4133 1222 4211 usquead
1238 4147 1288 4187 ex-

182 4233 278 4292 celsos
294 4233 415 4309 gradus,
435 4232 491 4290 imo
509 4236 539 4289 et
553 4232 648 4302 extra,
670 4231 702 4283 ut
719 4226 788 4284 dicit
800 4223 973 4301 curopalata
994 4243 1018 4282 c.
1039 4223 1122 4298 121».
1140 4219 1183 4279 72
1198 4235 1225 4274 v.
1237 4216 1288 4275 10.

189 4337 243 4378 nec
255 4323 350 4378 tamen
363 4317 401 4378 ad
414 4315 548 4397 templum
563 4310 757 4372 Blacheroium
774 4315 842 4370 tunc
854 4310 914 4370 ibat
926 4308 1085 4386 imperator.
1106 4303 1159 4362 sed
1172 4319 1231 4361 non
1244 4302 1290 4357 est
