3092 4942
482 313 528 384 nr
552 314 699 384 coortu
728 317 811 384 cor.
837 317 919 382 xx.
1154 319 1227 388 aaa
1263 286 1272 303 “

130 484 266 560 daedali]
282 484 348 544 lona¹
387 483 436 540 no·
446 481 560 542 aaron
581 485 697 562 comit,
717 486 743 540 ot
760 479 969 560 patriarchicum
988 482 1029 542 ι’ίί
1046 481 1132 542 redon
1145 483 1225 566 collo
1243 483 1265 539 Ρ
1281 484 1337 538 260

130 577 223 644 canit,
242 575 275 632 nt
289 576 333 628 est
346 567 375 624 iu
389 567 506 628 historia
520 568 633 646 politica
653 567 671 626 l.
690 571 705 630 1
724 565 910 645 Turcograec
922 588 950 645 p.
966 567 1015 629 15.
1048 587 1144 627 verum
1158 570 1227 628 hacc

129 656 326 716 benevolentia
344 651 523 714 sultanorum.
536 656 566 712 in
588 652 759 732 patriarchas
777 671 836 715 nou
863 654 911 710 ‹liu
930 651 1048 712 durant.
1089 673 1156 712 nam
1173 656 1227 714 sub

126 743 189 800 isto
205 744 267 821 ipso
284 739 444 798 Mahomete
459 739 633 818 patriarchae
655 756 756 797 norem
772 739 955 815 exstiterunt,
980 743 1010 794 et
1024 744 1135 814 praeter
1148 739 1227 798 Gen-

127 828 263 904 nadium,
291 825 338 900 qui
359 831 461 901 sponte
482 826 582 902 cessit,
605 826 650 882 vix
669 823 741 884 ullus
764 825 819 882 fuit
845 843 929 900 quem
953 822 1163 882 calumniatores
1188 827 1225 884 de

125 913 201 974 solio
222 930 280 970 non
301 908 449 970 deieceriut
473 911 517 970 vel
539 910 722 970 deiiciendum
735 929 795 986 sper
813 910 916 968 Bassas
936 907 1071 966 ancicos
1092 908 1225 986 curarint,

125 997 290 1055 introducto
308 996 392 1053 etiam
406 997 526 1054 duorum
537 995 642 1054 milium
655 997 824 1053 florenorum
841 996 959 1069 terreno,
974 993 1052 1068 quod
1067 995 1226 1070 patriarcha

126 1101 226 1139 recens
246 1080 350 1139 electus
366 1081 524 1158 pendebat,
545 1087 574 1140 et
601 1100 696 1142 atmuo
712 1081 819 1140 tributo
834 1080 953 1140 totidem
965 1079 1087 1156 milium,
1103 1079 1148 1139 cui
1161 1080 1226 1140 eha-

125 1169 216 1226 rntzio
230 1185 332 1226 nomen
346 1172 414 1224 erat.

213 1280 410 1340 Posteaetiam
418 1301 508 1357 usque
516 1283 554 1340 ad
564 1282 632 1341 haec
642 1289 741 1342 nostra
749 1283 930 1362 temporavix
940 1300 1064 1358 unquam
1073 1279 1227 1361 parochis·v

126 1367 235 1428 maticis
244 1387 306 1426 cnm
320 1367 493 1426 schismatico
504 1369 660 1446 patriarcha
673 1371 735 1428 fuit,
753 1388 864 1446 semper
872 1368 1226 1447 suppullularuntaemula-

124 1454 219 1510 tiones
233 1453 354 1513 invidiae
367 1457 397 1512 et
410 1452 535 1512 occultae
546 1455 688 1512 machinae
701 1455 738 1512 ad
747 1454 829 1514 huius
840 1455 884 1513 vel
891 1454 963 1512 illius
972 1455 1099 1526 exitium3
1114 1459 1147 1511 ut
1157 1453 1226 1512 mihi

124 1539 255 1596 videatur
270 1557 331 1595 non
345 1539 409 1596 sine
421 1537 537 1597 consilio
555 1539 650 1598 divino
668 1539 745 1596 edita
764 1559 826 1597 asse
841 1541 870 1598 in
885 1539 1092 1616 Turcograecia
1107 1539 1225 1597 historia

126 1623 242 1699 politica
256 1628 285 1681 et
299 1623 484 1682 ecclesiastica
499 1641 549 1682 seu
563 1624 747 1702 patriarchica
760 1624 1096 1702 rerumsspolitanarum,
1117 1643 1152 1682 ex
1166 1643 1223 1698 qua

124 1709 276 1785 perspicue
296 1707 387 1768 elucet
402 1708 592 1768 schismaticos
615 1729 674 1768 non
688 1709 772 1768 modo
794 1729 858 1767 cum
869 1729 1000 1789 supremo
1012 1709 1164 1768 catholicae
1177 1726 1226 1767 ec-

124 1792 229 1852 clesiae
248 1793 339 1870 capite
353 1813 404 1872 per
417 1795 564 1852 caritatem
575 1795 738 1853 coniunctos
752 1813 810 1852 non
819 1813 898 1873 esse,
919 1796 997 1870 quod
1015 1813 1067 1871 per
1080 1812 1111 1851 se
1125 1794 1225 1869 liquet,

124 1879 178 1935 sed
192 1897 244 1936 nec
256 1877 330 1935 inter
344 1897 393 1956 se,
411 1899 474 1938 cum
491 1879 544 1937 sub
558 1880 722 1956 gravissima
734 1878 887 1937 infidelium
900 1880 1035 1957 servitute
1046 1884 1144 1935 mutuo
1159 1897 1224 1936 sese

123 1963 202 2020 miris
218 1963 350 2024 cuniculis
363 1965 512 2042 infestent,
538 1971 568 2022 et
587 1965 672 2022 modo
686 1965 760 2022 hunc
775 1966 860 2022 modo
872 1965 950 2021 illum
967 1965 996 2020 in
1010 1957 1224 2039 patriarchalem

123 2049 259 2108 thronum
273 2047 429 2110 Turcnrum
444 2068 500 2132 ope
511 2048 666 2109 sublevent
694 2048 768 2108 valet
782 2049 911 2108 munuum
923 2049 969 2108 hic
980 2047 1064 2106 illud:
1079 2048 1129 2122 qui
1143 2053 1224 2126 pote,

122 2133 193 2213 plus
204 2139 295 2211 urget.

208 2233 352 2292 Phranzes
363 2233 497 2291 Chronici
514 2235 588 2299 319
605 2234 692 2293 ferme
711 2234 867 2292 accuratius
879 2251 986 2292 morem
999 2231 1158 2292 declarandi
1171 2249 1223 2309 pa-

122 2318 275 2377 triarcham
291 2319 326 2378 ab
337 2319 506 2400 imperatore
523 2319 655 2378 describit
670 2338 754 2396 quam
771 2320 906 2378 Codinus.

192 2451 220 2503 p.
234 2435 285 2488 toa
300 2451 326 2488 r.
337 2433 364 2488 7.
381 2426 397 2484 ό
416 2426 542 2502 βασιλεὺς
554 2427 612 2485 άπὸ
629 2428 750 2502 τούτων]
774 2433 808 2486 ad
824 2432 900 2486 trium
918 2432 1056 2485 electorum
1071 2429 1175 2484 tertium
1194 2429 1224 2483 iu

121 2502 293 2574 patriarcham
305 2501 481 2554 nominandum
492 2517 543 2554 nou
557 2499 594 2554 ita
610 2507 728 2556 oomtsta
743 2501 907 2573 imperatoris
922 2502 1047 2565 libertas,
1062 2501 1123 2569 quiu
1143 2498 1223 2551 ornis-

121 2569 156 2624 sis
174 2571 351 2640 episcoporum
367 2569 498 2638 suffragiis
508 2586 565 2622 cum
582 2587 656 2638 quem
673 2572 765 2635 vellat,
782 2571 964 2624 consuetudine
980 2569 1157 2640 permittente,
1171 2567 1223 2623 ¹do·

121 2640 225 2708 signare
244 2642 366 2710 potuerit.
396 2639 527 2692 Blastares
545 2640 596 2692 τοῦ
614 2643 643 2692 Κ
656 2641 794 2706 στοιχείου
820 2658 843 2694 c.
864 2641 913 2694 32:
938 2641 995 2692 τῶν
1015 2633 1069 2706 poio
1092 2631 1222 2690 κανόνων

121 2710 178 2762 τῶν
195 2703 245 2770 τάς
261 2701 416 2763 ἐπισκόπων
433 2703 549 2776 ψήφους
564 2710 624 2768 τοῖς
646 2701 808 2768 ἐπισκόποις
827 2712 887 2768 τοῖς
911 2701 1046 2775 ἐπαρχίας
1067 2701 1188 2758 dcccvii
1206 2735 1220 2744 -

121 2795 196 2844 τιον,
213 2774 328 2846 άρχοντι
345 2771 377 2830 di
394 2775 494 2845 μηδενί
513 2771 620 2827 τούτων
637 2769 739 2860 ἐξεῖναι
754 2778 899 2830 κοινωνεῖν
914 2775 1098 2841 κελευόντων,
1123 2767 1153 2825 οἶ
1187 2790 1220 2823 α-

121 2847 269 2908 nutricant
294 2846 344 2912 τῆς
366 2843 467 2912 ψήφου
489 2845 545 2896 τῶν
568 2837 724 2896 ἔπισκοπων
745 2839 828 2913 χωρίς
843 2841 892 2897 καί
907 2839 1079 2912 πατριάρχας
1095 2839 1144 2895 καὶ
1174 2857 1219 2891 πι-

121 2911 244 2976 σιιόπους
258 2909 474 2983 προβάλλονται.
493 2905 543 2963 διά
559 2913 628 2979 posin
643 2912 745 2978 τοῦτο,
763 2908 801 2972 ὥς
816 2908 902 2995 ἔοικεἶ
920 2905 967 2963 ἐπὶ
982 2913 1022 2979 τῷ
1040 2911 1150 2979 tacito*
1161 2910 1219 2960 Μι-

119 2979 193 3052 χαήί
210 2985 261 3036 τοῦ
276 2982 375 3035 Aerias
391 2977 406 3034 ό
424 2979 627 3050 μητροπολίτης
644 2973 748 3041 ἐκεῖνος
763 2972 852 3048 Σίδης
867 2998 903 3033 τα
921 2980 974 3053 Ιτής
991 2979 1129 3050 βασιλείας
1146 2974 1220 3030 niso-
1333 3030 1336 3036 ,

120 3047 538 3184 t⁶t⁵tttt⁶d⁶tttt³t⁶
552 3029 1220 3178 iio'ii“ii⁶iii⁰²iiiiiio“i⁰'tilithi,-

119 3183 248 3258 ἐνέρχήσε
264 3137 401 3248 (lontrina.
419 3137 482 3240 saie
495 3203 589 3256 operas
608 3136 786 3258 ipiisiiiirorum
803 3202 885 3255 aeque
901 3204 933 3240 ac
944 3135 1092 3239 eliitionem
1108 3186 1222 3256 impera·
1262 3173 1270 3184 ’

120 3259 185 3311 toris
204 3260 242 3312 dis
262 3257 362 3310 ositioni
375 3256 505 3310 subiectas
520 3255 643 3310 adulante
664 3271 741 3326 supra
766 3256 867 3308 modum
891 3257 986 3308 calamo
1009 3255 1099 3307 scribit
1115 3257 1220 3307 Blasto-

121 3341 172 3380 res.
191 3326 222 3380 de
234 3277 285 3380 g?
304 3325 503 3396 patriarcharum
527 3324 654 3378 electione
670 3334 698 3379 et
720 3325 917 3393 inauguratione
940 3324 1018 3376 docte
1034 3325 1219 3392 praeclareque

119 3396 302 3450 illustrissimus
332 3396 466 3465 episeopus
492 3395 631 3448 Vabrensis
659 3412 690 3449 eo
737 3394 850 3463 raesule⁴
868 3394 945 3462 digno
966 3388 1162 3462 Ἅρχιερατικρό.
1185 3393 1219 3444 de

120 3465 196 3518 nium
214 3465 338 3518 electione
353 3462 472 3518 iacienda
487 3465 672 3518 adamationem
689 3413 769 3517 hahet
783 3463 954 3516 uenationem
969 3479 996 3533 p.
1016 3462 1067 3516 481
1084 3467 1114 3512 'et
1129 3477 1186 3532 sqq.
1276 3528 1279 3534 ἡ

135 3581 154 3634 ,’
188 3568 224 3620 n.
245 3584 271 3620 v.
284 3565 326 3623 15.
344 3563 455 3636 μήνυμα
471 3581 647 3636 nonnunquam
663 3565 840 3619 ondimodiuns
859 3563 968 3629 dictum,
992 3563 1128 3633 aliquando
1145 3561 1218 3632 prin-

120 3637 185 3707 cipis
208 3636 364 3690 mandatnm
387 3636 443 3689 sire
470 3637 637 3706 asumptum,
663 3635 706 3688 hio
731 3636 844 3689 eiusdem
866 3635 1009 3699 codicillos,
1032 3636 1120 3700 treve,
1143 3632 1218 3684 nobis

108 3708 222 3774 faron,
240 3700 385 3760 πιττάκιον
396 3705 498 3773 proprie
514 3705 556 3758 rel
571 3700 702 3774 ψήφισμα
718 3706 853 3773 significat.
870 3704 937 3759 datis
952 3702 1018 3755 euim
1034 3701 1113 3768 regiis
1131 3701 1216 3769 diplo-
1289 3722 1291 3733 ·

121 3777 231 3830 motibus
250 3775 359 3844 ¹'titullutas
386 3773 524 3842 dignitates
549 3774 686 3830 firmabant
711 3775 888 3844 imperatores.
921 3773 997 3824 Anna
1024 3770 1161 3823 hiemados
1184 3772 1216 3822 22

122 3835 220 3898 ἐδεδίει
237 3839 289 3911 γάρ
307 3837 344 3912 μή
362 3838 413 3895 τοῦ
427 3839 632 3914 χρυσοβούίίου
648 3837 746 3928 τάχιον
770 3835 791 3910 ή
814 3834 942 3911 προσήκῃ
964 3835 1216 3908 καταπεμφθέντος

123 3906 241 3986 αότςό,ό
258 3907 310 3981 τήν
326 3911 378 3964 τοῦ
393 3909 533 3980 Καίσαρος
549 3907 631 3977 eston
647 3929 736 3984 concep
754 3903 894 3980 ἐχαρίζετο
912 3915 963 3964 ete.

188 4033 213 4086 p.
226 4015 276 4070 103
289 4031 316 4067 r.
327 4016 352 4068 2.
371 4009 481 4080 θρόνου
496 4007 646 4083 ήερανὲου]
667 4015 748 4067 honor
772 4018 800 4066 et
823 4013 895 4066 color
911 4011 993 4082 qualis
1009 4010 1116 4067 Caesari
1131 4012 1215 4082 patri-

121 4083 212 4137 archae
228 4083 365 4148 tribuitur3
382 4101 413 4136 ac
431 4099 486 4136 eam
499 4085 592 4136 'forsan
609 4083 642 4136 ob
658 4082 779 4138 remeius
796 4081 990 4154 proclamationi
1001 4099 1030 4138 se
1043 4083 1141 4136 Caeam
1152 4082 1214 4134 sub-

119 4152 205 4211 trahit.
222 4153 282 4207 vide
297 4152 407 4228 dicenda
419 4153 453 4208 ed
463 4171 489 4208 v.
503 4153 537 4209 15
548 4158 574 4206 et
584 4167 641 4223 sqq.

186 4254 222 4306 ih.
238 4256 303 4326 usti.
321 4249 483 4316 άνίστανται
500 4249 668 4326 άμφότεροι]
685 4259 770 4308 mutuo
795 4273 843 4308 nee
868 4273 919 4309 non
943 4253 1044 4325 aequali
1068 4253 1165 4306 honoro
1185 4267 1214 4302 se

122 4321 206 4378 colunt
220 4323 358 4396 inperator
373 4331 401 4380 et
417 4325 582 4399 patrirreha3
598 4325 706 4395 dumque
723 4324 896 4381 sibi-ioricam
912 4327 1065 4392 emergunt,
1083 4320 1140 4390 pari
1156 4335 1216 4374 sese
