3092 4942
639 351 686 420 IN
706 349 856 422 comni
881 351 967 422 cir.
992 351 1019 419 Ι.
1055 352 1073 428 j
1310 353 1383 426 139

288 510 416 566 arcticum
433 510 555 567 videlicet
570 512 731 567 cerimoninla
747 511 790 567 vel
809 512 1001 584 euchologium,
1017 513 1160 570 orationum
1180 513 1390 586 promptuarium,

288 589 320 635 ut
329 598 398 652 quac
407 591 467 655 suut
476 583 577 650 agenda
587 583 727 638 dicendane
738 588 869 651 suggerat.

372 681 588 748 Eurmonsmis
606 708 657 747 seu
680 687 904 749 ennronrasmus
927 695 958 752 a
979 689 1022 750 rus
1043 675 1388 765 marcennacum,

288 772 343 832 lunc
356 777 417 872 'ost
446 773 622 833 ordinatiane
652 793 704 833 seu
729 774 958 864 inauguratione,
994 775 1126 838 distincta
1151 779 1219 854 suut
1250 794 1269 834 a
1296 775 1389 855 priore

288 875 391 919 munla.

358 971 385 1023 p.
401 952 418 1006 5
434 968 462 1008 v.
477 953 504 1006 2
536 953 669 1024 Reliquiae
684 955 732 1007 sub
755 953 832 1008 citari
851 954 999 1008 reconditae
1016 954 1044 1008 lu
1063 953 1186 1010 ccclesiae
1198 956 1388 1010 consecratione

290 1015 519 1090 ἔνθμανίζονται,
543 1030 611 1076 tecte
622 1023 783 1092 Eucbclngic
801 1024 828 1076 iu
844 1025 932 1077 codem
950 1023 1047 1078 officio.
1081 1025 1137 1094 ipsa
1153 1025 1287 1096 episcopus
1298 1042 1388 1078 com

291 1091 406 1144 mtionc
423 1098 531 1160 percum
545 1092 706 1147 udeuocurn
724 1093 884 1162 presbyteria
899 1087 930 1148 io
947 1089 1113 1164 αανθρόνμ,
1135 1094 1164 1146 in
1186 1097 1279 1148 ilrrono
1302 1099 1388 1148 ottcrc

290 1160 514 1236 circumambiente
519 1202 529 1228 ‚
545 1178 633 1214 rursus
644 1154 835 1229 ἱνθρονίζεται
851 1161 894 1214 vei
909 1153 1132 1227 ludouvicitrron.
1164 1161 1230 1216 idam
1243 1163 1341 1216 dcruuru
1353 1161 1387 1216 ad

290 1229 464 1299 praesulatum
476 1229 581 1298 primum
592 1238 715 1294 erectus,
732 1244 877 1283 concessam
895 1246 928 1282 ua
943 1230 1027 1284 ecdem
1046 1236 1163 1282 recenter
1179 1249 1322 1300 occupans,
1340 1249 1387 1284 ve·

289 1298 345 1350 rius
363 1293 588 1365 ὃνθρονιάζεταιε
605 1299 671 1351 uude
689 1299 822 1352 cedrenus
837 1246 1033 1352 inluminatio
1052 1293 1103 1354 τὸν
1116 1294 1168 1367 μὶν
1180 1301 1206 1352 in
1225 1301 1262 1353 uit
1273 1301 1389 1353 Παῦλον

290 1358 487 1488 ἕξομίζεέἰᾶὂν
503 1362 536 1419 dl
545 1362 888 1492 diduudiurutulioiioulquci
903 1318 1240 1490 rnnduluquuquabmediilqcila
1251 1369 1387 1490 luuiseuuigk-

291 1433 584 1573 illl-llnencllllllml
595 1453 661 1558 llllc
672 1453 928 1558 iolor“callioclaratul'l⁵
936 1505 1020 1559 satius
1031 1515 1115 1558 tomen
1126 1455 1238 1560 illusselllul
1248 1457 1289 1559 lei
1300 1455 1388 1558 lueres

292 1571 414 1625 ecclesiae
424 1581 606 1638 consacratae,
620 1574 664 1626 vel
674 1573 766 1627 similes
777 1573 857 1644 ipsius
862 1573 981 1694 ‘episccqi
992 1574 1132 1627 consecrati
1144 1582 1240 1643 testes,
1261 1575 1303 1627 uel
1314 1573 1388 1626 daui-

292 1657 342 1709 qua
359 1639 442 1712 ipsum
460 1641 589 1694 ordinandi
607 1643 721 1714 episcopi
738 1660 769 1696 ac
786 1645 813 1696 irr
824 1642 912 1696 schum
924 1660 953 1696 co
974 1642 1065 1695 ocaudi
1076 1642 1153 1695 ritum
1165 1660 1220 1696 ease
1237 1635 1402 1722 inducatur-7

292 1704 371 1780 oudo.
405 1727 437 1762 ca
449 1710 481 1764 dc
493 1727 570 1764 causa
580 1709 690 1766 observo
702 1713 929 1766 hieromnemouem
946 1711 1030 1764 adhuc
1046 1718 1149 1779 tenere,
1168 1718 1245 1783 prout
1261 1711 1389 1766 subditur.

374 1813 419 1873 Ex
441 1815 486 1874 his
506 1816 633 1895 quaeda
653 1819 786 1878 coutaciis
807 1823 838 1878 et
858 1809 959 1898 εὐχαῖς
986 1817 1123 1896 diximus,
1148 1818 1238 1892 quivis
1264 1817 1390 1876 eruditus

291 1896 370 1960 nullu
394 1902 509 1978 negotio
528 1902 661 1962 iudicium
682 1904 755 1962 feret
775 1905 811 1962 de
829 1900 882 1961 illis
907 1920 979 1978 quae
1005 1906 1207 1960 commentatur
1227 1904 1258 1961 iu
1278 1902 1388 1961 scholiis
1405 1901 1429 1957 1³
1449 1903 1498 1958 166

292 1985 351 2043 suis
363 1983 459 2043 lunius
474 1985 523 2048 rot
542 1988 623 2064 248,
642 1989 720 2052 249:
742 1987 965 2064 quotiescunque
988 1987 1062 2046 euim
1082 1990 1228 2045 cantariam
1246 1991 1392 2047 contionem

293 2089 343 2128 seu
360 2074 536 2131 mntaiionen
549 2073 652 2149 vertit,
678 2072 763 2131 toties
783 2071 981 2148 hallucinatur,
1002 2089 1055 2129 nec
1074 2070 1131 2130 ullo
1154 2089 1188 2132 ex
1204 2070 1267 2131 loco
1289 2072 1394 2132 Cadini

292 2173 390 2217 verauu
403 2162 433 2215 et
448 2156 569 2217 solidum
580 2157 666 2219 emori
680 2177 732 2217 suo
742 2156 927 2236 patrocinium
936 2157 1059 2216 iuvenire
1073 2160 1177 2235 potest

378 2270 544 2333 Adscribam
559 2274 605 2334 iric
624 2273 793 2334 Anconitaui
806 2275 950 2334 cuiusdam
970 2273 1078 2352 origine
1094 2273 1194 2332 Graeci
1208 2273 1340 2332 iudicium
1357 2273 1395 2332 de

293 2359 441 2437 contricio,
467 2361 545 2421 cuius
564 2367 622 2420 tam
642 2361 774 2438 frequens
798 2361 827 2420 in
849 2358 994 2421 ritualibus
1021 2359 1192 2418 Graecorum
1217 2358 1293 2418 libris
1314 2367 1343 2418 et
1363 2359 1395 2418 iu
1477 2425 1484 2451 Ι

296 2444 408 2504 Codiuo
420 2446 543 2523 mentio,
564 2445 612 2521 qui
625 2465 710 2525 super
724 2447 778 2505 hac
790 2465 822 2506 re
840 2451 957 2523 rogetus
975 2445 1050 2504 huuc
1067 2445 1097 2503 iu
1116 2446 1230 2504 modum
1242 2443 1394 2522 rescripsit.

295 2521 524 2592 cancianorum
549 2529 682 2591 Iactirrurn
699 2551 787 2591 vocem
804 2529 850 2592 red
871 2533 1002 2592 &aaran
1024 2549 1077 2590 erre
1102 2532 1232 2602 arbitror,
1258 2530 1319 2589 licet
1335 2547 1392 2588 uer·

295 2614 430 2674 naculum.
447 2608 556 2678 κοντόν
576 2620 644 2676 enirn
662 2617 739 2677 lodr'e
755 2619 866 2677 Grucn's
878 2623 917 2676 ert
932 2609 965 2676 cri
987 2606 1096 2696 βραχύ,
1116 2611 1151 2676 cri
1172 2607 1324 2695 σύντομον
1340 2609 1394 2674 καὶ

298 2697 548 2778 συνεσταλμένον,
577 2702 608 2762 id
623 2708 662 2760 ar
681 2703 775 2777 heca,
802 2701 1022 2780 compendiariam
1041 2704 1067 2758 et
1087 2705 1259 2760 contractum.
1284 2697 1394 2778 proinde

296 2804 317 2842 n
333 2784 460 2846 neuun
477 2789 591 2846 canticis
609 2787 763 2847 eiuscemodi
778 2806 868 2846 nomen
886 2786 1002 2845 inditum
1016 2789 1099 2862 puto,
1122 2804 1174 2844 non
1197 2783 1300 2862 quidem
1325 2781 1394 2861 quod

297 2873 410 2930 aaran
434 2870 602 2947 &miccinam
627 2871 674 2931 red
700 2873 770 2952 quod
790 2876 859 2932 inter
880 2871 1034 2930 breuissima
1056 2872 1119 2943 rint
1159 2868 1312 2929 Ιαιϊαααοάι·
1332 2886 1393 2926 cero

296 2955 492 3015 nummoluturu
513 2957 584 3016 nulii
602 2959 672 3016 main
691 2958 831 3031 uideatur,
851 2975 911 3015 curn
935 2957 966 3013 in
989 2954 1147 3012 Graecarum
1162 2953 1307 3011 ritualibus
1330 2951 1394 3010 lauic

297 3039 395 3099 sinder
406 3039 505 3100 nullae
517 3044 698 3121 rqieriantur',
717 3047 770 3102 ina
788 3043 868 3101 etium
887 3036 1027 3098 nonnullos
1043 3054 1118 3094 uoces
1136 3055 1204 3112 quaa
1218 3036 1260 3094 cel
1273 3035 1394 3096 Lata'nne

298 3120 476 3184 ornninosunt
495 3127 537 3185 ccl
556 3125 669 3186 Latinis
690 3127 783 3205 affines
805 3131 831 3185 et
856 3124 891 3184 ab
912 3123 970 3183 iilis
989 3123 1067 3200 quari
1084 3119 1228 3193 rleducina,⁸
1248 3121 1396 3180 cuiusmodi

298 3215 360 3268 nort
377 3203 522 3289 oiqriorou,
543 3207 743 3292 uavourr'lrao,
765 3207 927 3288 φακέλλων
941 3215 966 3268 et
981 3206 1090 3266 similia.
1116 3209 1179 3284 quin
1193 3209 1273 3266 atium
1288 3209 1314 3266 ri
1328 3213 1394 3264 tem-

295 3314 363 3374 pora
385 3301 411 3353 et
427 3301 539 3355 aetutem
556 3299 612 3358 τοῦ
631 3300 760 3376 ποιητοῦ
780 3299 841 3356 τοῖν
860 3292 1027 3356 comasino
1047 3296 1208 3366 scrutemur,
1228 3310 1319 3350 nornen
1339 3291 1396 3352 rori

299 3379 460 3443 αοντααίοα
471 3380 545 3441 laud
558 3381 671 3441 insolens
687 3381 833 3455 videditur,
857 3397 915 3438 cum
937 3378 1074 3438 Romanus
1095 3376 1222 3434 diaconus
1242 3375 1396 3450 Emesenur,

300 3469 333 3522 ut
356 3465 466 3524 labetur
486 3468 516 3526 in
537 3465 660 3526 Menaeis
684 3468 844 3526 &cecorum
864 3483 947 3524 mense
971 3463 1082 3521 Octobri
1107 3459 1151 3520 die
1170 3463 1275 3538 primo,
1293 3464 1397 3539 prinus

301 3552 363 3612 τοῖν
375 3552 542 3613 nonuncium
561 3559 655 3611 auctor
667 3558 694 3611 rt
712 3555 881 3611 concinnator
898 3548 1041 3608 Anmturii
1057 3548 1220 3625 inperatoris
1241 3551 1346 3621 uetula,
1367 3544 1399 3608 id

303 3640 344 3693 ert
360 3638 433 3696 circa
453 3655 551 3696 cnnurn
568 3635 668 3696 domini
688 3639 936 3716 quingentesimum,
952 3633 1096 3712 floruerit,
1124 3649 1175 3708 quo
1198 3636 1311 3709 tenpore
1335 3648 1401 3708 pene

302 3725 443 3799 corruptus
466 3726 492 3779 et
522 3721 690 3780 adulteratur
722 3728 781 3781 erui
804 3722 922 3780 Graecus
951 3735 1051 3796 sermo,
1081 3719 1113 3772 ut
1137 3715 1185 3772 loc
1213 3715 1283 3774 idern
1309 3733 1401 3773 noman

303 3807 452 3864 onendr'tei
466 3808 524 3865 nur
533 3809 631 3867 aetatu
647 3807 753 3868 locutio.
783 3811 813 3866 et
837 3804 906 3864 haec
927 3802 1040 3880 quidem
1062 3804 1186 3859 rectene
1206 3800 1289 3858 docte
1312 3798 1402 3858 Grae-

302 3910 352 3949 cus
366 3890 429 3948 iste.

387 3991 538 4050 Caeterum
555 3984 718 4053 αοντᾶαιον
736 3941 838 4050 adhuc
856 4004 942 4048 unam
960 3987 1105 4047 notionem
1124 3985 1277 4046 subiectam
1296 3982 1399 4042 habet:

302 4076 442 4154 significat
463 4077 538 4135 enim
556 4076 641 4136 etiam
664 4076 765 4134 librum
785 4093 836 4134 seu
856 4073 986 4134 volumen
1007 4091 1057 4134 sau
1077 4073 1207 4132 codicem
1249 4068 1401 4128 Balsamou

303 4163 341 4219 ad
365 4161 492 4222 Mmcum
521 4162 707 4240 patriarcham
733 4159 952 4219 Alexandrinum
973 4158 1113 4236 Respons.
1136 4159 1172 4223 5:
1202 4152 1316 4234 ἔχοντες
1339 4159 1402 4216 reio

304 4241 452 4327 συνήθων
466 4244 561 4329 α’γίων
575 4239 672 4326 εὐχῶν
691 4238 920 4324 inauditorum,
942 4240 984 4317 cic
1006 4238 1229 4324 μεταγραφέντα
1245 4238 1278 4302 ἐκ
1298 4261 1402 4300 κοντα-

303 4329 379 4396 nino
389 4329 708 4415 ναλὶνγραφηθένιων,
727 4326 779 4394 dni
793 4323 975 4415 γραμμάτων
990 4325 1180 4432 Ἑλληνικῶν.
1202 4316 1403 4406 incardinari·
