3092 4942
158 362 230 445 190
318 364 525 435 GRETSERI
537 364 593 431 ET
608 364 738 433 Gosur
751 364 1082 435 contaminamus

156 533 282 595 Codioru
300 536 402 593 noster
410 536 440 591 et
453 529 507 591 aii.
526 526 590 590 hino
609 528 779 613 δρουγγισιί
802 530 931 609 globatim
955 535 1125 593 rotteoweise.
1158 550 1246 610 qaan-

157 638 242 697 quam
258 622 350 700 ipsum
367 635 480 695 quoque
494 614 658 676 vocabulum
677 622 730 674 rott
753 635 824 695 pure
844 618 1046 678 Germanicum.
1079 618 1194 677 Nicetes
1217 622 1246 679 in

154 704 294 765 Balduinc
313 702 452 763 Flaudro:
481 708 588 784 μοῖραν
607 696 649 781 ἣν
669 701 798 783 dodorus
816 694 985 784 ω’νὸμαζον.
1010 702 1248 783 Neubrigenstsa

154 794 213 855 27:
234 794 324 871 copias
342 808 409 867 poss
420 792 509 847 aaa·
522 792 624 847 ιιιιιιιι.

225 921 253 973 p.
268 904 302 957 10
317 920 343 958 v.
359 900 386 956 4.
420 902 576 972 praefectum
592 896 696 967 vigilum
712 896 745 951 ab
756 899 872 967 Auguste
889 899 987 953 Romae
1001 900 1155 973 institutum,
1173 902 1215 973 qui
1232 904 1251 958 i

157 972 306 1030 cohortibus
322 987 369 1041 per
386 970 420 1025 14
436 970 555 1039 regiones
570 968 700 1038 dispositis
715 984 731 1019 a
747 968 877 1019 nocturnis
899 970 1086 1037 grassatoribus
1110 980 1136 1025 et
1160 973 1252 1025 subitis

157 1041 280 1097 incendiis
296 1042 384 1093 urbem
398 1045 558 1102 tutarentur,
581 1054 615 1089 ex
632 1035 754 1089 Suetonio
772 1042 799 1089 et
816 1036 899 1089 Dione
914 1038 1068 1091 demonstrat
1086 1042 1252 1109 Dempsterus

157 1114 218 1166 Aut.
236 1109 313 1162 Rom.
331 1111 349 1164 7
365 1109 409 1163 34.
443 1108 485 1161 hic
500 1107 670 1174 cognoscebat
686 1105 720 1158 de
741 1105 921 1169 incendiariis,
945 1108 1059 1173 iuribus,
1082 1112 1251 1179 receptatori-

158 1182 207 1234 hus
224 1185 251 1231 et
267 1178 323 1230 aliis
340 1195 387 1248 per
402 1176 460 1231 rias
476 1180 502 1229 et
519 1175 608 1228 domos
623 1173 738 1226 admissis
753 1173 872 1242 flagitiis,
895 1174 942 1227 nisi
962 1178 1032 1228 forte
1055 1194 1129 1246 quam
1153 1180 1251 1232 atrocia

160 1251 309 1316 hmosaque
325 1248 426 1309 forent,
443 1244 522 1298 ut·ad
540 1243 610 1297 urhis
626 1243 786 1312 praefectum
804 1244 981 1309 deferrentur,
1001 1244 1034 1297 de
1050 1246 1140 1365 ‹puibus
1158 1247 1251 1305 Panei-

159 1318 239 1374 rolius
255 1317 282 1369 iu
298 1314 425 1368 Notitiam
442 1312 556 1366 Orientis
572 1330 597 1367 c.
614 1314 658 1367 st.
693 1311 774 1364 oflicii
798 1311 939 1367 huiusmodi
956 1312 1057 1366 tribuna
1084 1314 1158 1383 Cpoli
1171 1315 1252 1367 tuisse
1346 1328 1349 1345 ι

160 1379 366 1454 dpooypuorsds
387 1378 565 1451 δικαστήριον
587 1384 708 1433 vocstm
731 1398 764 1433 ex
787 1380 869 1432 hierii
886 1380 1008 1434 comneni
1024 1382 1093 1435 Nor.
1117 1383 1180 1435 luris
1198 1384 1252 1437 GR

159 1464 222 1509 tom.
237 1455 256 1507 2
272 1452 385 1505 cooiicio.
420 1451 487 1504 aliae
508 1450 611 1519 vigiliae
634 1457 708 1502 emnt
727 1448 754 1500 in
777 1448 886 1515 castris,
914 1450 947 1503 de
970 1451 1062 1519 quibus
1085 1451 1253 1521 Dempsterus

160 1524 229 1579 idem
247 1525 280 1576 10
297 1522 344 1585 13,
361 1536 467 1589 quarum
483 1518 618 1591 appellatio
632 1519 765 1605 profertur
779 1534 797 1569 a
815 1518 925 1571 Graecis
942 1518 1037 1588 βίγλιι,
1055 1521 1159 1573 Graece
1174 1521 1253 1587 magis

162 1608 180 1652 a
196 1591 338 1643 simocatta
353 1585 445 1657 σιωπή
477 1604 656 1656 messanen,
672 1580 817 1653 inconcessi.
852 1588 1015 1657 praefectus,
1034 1582 1065 1649 ὃς
1078 1589 1127 1656 τῆς
1142 1581 1253 1643 inassu-

161 1661 217 1729 πῆς
232 1654 282 1721 soie
299 1652 427 1725 φρουρὰς
441 1627 630 1726 ἐγχειρίζεται,
655 1655 735 1708 eidem
760 1656 917 1707 Simocattue
935 1659 950 1710 1
971 1658 1004 1721 9,
1026 1659 1189 1725 praelectus,
1213 1659 1255 1710 in-

163 1746 255 1799 quam,
272 1741 358 1780 earum
369 1723 568 1795 doooyyoioooe,
584 1724 651 1795 quod
668 1742 701 1777 ex
717 1723 823 1776 militiam
840 1724 937 1793 druogo
948 1724 1003 1778 sive
1014 1730 1096 1779 turma
1108 1726 1255 1795 (δροῦγγος

68 1833 72 1841 -
164 1798 230 1850 euim
246 1802 329 1849 turma
345 1800 394 1860 est)
411 1794 593 1847 conflarentur.
627 1792 733 1846 deeius
757 1792 896 1846 ministerio
917 1800 1006 1847 numer
1027 1794 1054 1846 in
1076 1796 1254 1863 sequentibusr

164 1867 196 1919 de
211 1866 310 1919 nomine
335 1863 409 1916 docte
431 1865 539 1932 iureque
561 1862 705 1930 [ligustina.
729 1861 876 1929 hienrsius,·
895 1864 1053 1929 Gretserus‚
1078 1864 1254 1933 Bullengerus,

163 1934 293 1988 Fahrotus
316 1934 343 1987 iu
360 1933 518 1997 cedrenum,
541 1936 568 1984 et
583 1932 635 1985 alia.
668 1929 778 1983 officium
796 1932 924 2000 audquum
948 1937 975 1984 et
991 1937 1091 1985 notum:
1114 1932 1183 1986 circa
1201 1933 1255 1987 Co·

164 2003 281 2077 pronymi
297 2009 412 2075 tempora
427 2018 518 2057 nomeu
533 1999 642 2090 vulgare
656 1999 737 2073 primo
754 1998 878 2073 scriptum
890 2002 917 2056 in
933 2001 1091 2074 Theophane
1106 2002 1215 2072 reperio.

597 2252 803 2269 Μ

484 2506 928 2587 CAPUT'III.

167 2762 171 2772 ·
246 2760 275 2822 p·
288 2741 328 2805 10
341 2757 367 2802 v.
382 2739 411 2809 5.
444 2692 595 2820 Magnus
617 2742 819 2822 hetaerIarcha]
842 2742 918 2824 apud
943 2740 1120 2820 Tyriumat
1143 2743 1183 2807 16
1202 2760 1257 2801 roe-

163 2831 341 2910 guiiriureds.
368 2836 499 2896 emendat
524 2834 696 2894 Glossarium
713 2832 967 2912 mugoeioericrciu.
987 2835 1061 2893 forte
1075 2833 1151 2893 nulla
1164 2852 1257 2891 emen-

165 2918 281 2977 datione
291 2937 363 2997 opus
375 2925 436 2999 est,
456 2922 523 2998 qnia
535 2920 639 2996 Tyrius
655 2922 750 2979 forsan
765 2938 800 2979 ex
814 2918 951 2979 communi
967 2920 1167 2979 consuetudine
1182 2918 1258 2995 vulgi

164 3001 220 3061 hoc
236 3011 338 3062 nomen
350 3004 449 3067 extulit
461 3013 492 3066 et
504 3008 535 3063 in
553 3006 697 3064 historiam
716 3004 819 3065 intulit
846 3010 945 3065 notum
963 3010 1008 3062 est
1024 3010 1117 3063 antem
1137 3024 1154 3063 a
1173 3004 1259 3081 vulgo

166 3086 253 3165 louge
265 3089 346 3175 aliter
359 3090 428 3149 haec
441 3093 508 3152 talia
520 3092 638 3168 proferri
653 3090 742 3149 solere
755 3108 839 3167 quam
852 3091 1031 3168 proferantur
1045 3090 1089 3148 vel
1102 3087 1259 3148 scribantur

166 3190 187 3231 a
199 3174 306 3231 doctis?
315 3178 345 3231 et
358 3194 466 3252 nupera
480 3178 563 3235 etiarn
577 3174 656 3251 Tyrii
677 3176 762 3234 editio
783 3195 800 3234 a
813 3176 872 3233 viro
892 3174 973 3233 valde
989 3176 1073 3232 docto
1089 3180 1186 3232 curata
1198 3173 1260 3231 vul-

168 3262 267 3333 gatam
286 3256 433 3319 lectionem
452 3263 562 3319 retinet.
594 3260 721 3318 Codiuus
746 3261 813 3319 dicit
833 3279 897 3319 eum
916 3259 1122 3318 bdoemnroium
1145 3258 1259 3339 dictum,

170 3342 248 3416 qnod
262 3340 413 3421 ἑταίρους,
434 3350 517 3405 sorim
533 3351 560 3404 et
575 3349 688 3421 amicos,
701 3344 830 3405 Romano
847 3344 962 3422 imperio
976 3350 1103 3423 pararet,
1122 3344 1259 3422 susceptis

167 3427 253 3484 etiam
274 3429 409 3504 profugis.
436 3430 482 3488 alii
503 3429 688 3504 clodomeris,
708 3430 819 3489 militari
841 3430 970 3506 cohorte,
998 3448 1061 3487 eum
1087 3428 1140 3487 hoc
1157 3446 1259 3487 nomen

167 3510 308 3589 accepisse
324 3518 483 3586 autumant;
511 3514 588 3572 cuius
613 3513 734 3572 cohortis
753 3515 860 3579 mentio
879 3515 957 3591 apud
977 3511 1111 3572 Ioannem
1131 3512 1260 3592 Curopa-

165 3594 254 3656 letam
266 3596 296 3653 in
310 3594 446 3657 Michaele
465 3598 615 3676 Raucabe‚
636 3604 666 3656 et
684 3599 787 3676 duplex
805 3604 883 3675 erat,
902 3598 991 3657 maior
1014 3605 1043 3657 et
1061 3599 1166 3657 minor:
1187 3599 1259 3657 illius

166 3681 224 3738 dux
238 3685 267 3737 et
281 3683 438 3759 praefectus
451 3704 570 3762 magnus
584 3681 776 3744 hetaeriarcha
790 3686 880 3743 dietus
887 3723 899 3763 ,
912 3683 994 3742 huius
1018 3682 1147 3743 absolute
1163 3683 1260 3744 hetae-

164 3764 281 3825 riarcha
300 3768 413 3827 consule
430 3770 611 3830 Glossarium.

235 3881 348 3934 Gotthos
378 3881 439 3934 belli
478 3882 562 3935 socios
591 3882 784 3936 Constantinum
820 3880 870 3936 sihi
906 3880 1049 3936 adiunxisse
1078 3898 1109 3935 ac
1136 3884 1261 3953 foedes-

167 3952 209 4001 tos
230 3950 358 4003 vocitasse
380 3950 468 4005 scribit
492 3951 647 4018 lornandes3
665 3959 788 4005 renovato
806 3951 898 4005 deinde
916 3968 972 4005 cum
988 3950 1020 4004 iis
1039 3952 1144 4003 foedere
1165 3952 1197 4005 ad
1214 3969 1261 4005 sua

167 4031 250 4099 usque
265 4023 381 4089 mmpora
397 4037 578 4089 perseverasse
594 4039 679 4074 eorum
695 4022 794 4090 agmina
811 4019 950 4107 subiungit.
986 4024 1059 4072 erant
1074 4021 1261 4073 foederatorum

166 4100 251 4139 sacrae
267 4086 327 4140 illae
343 4094 442 4142 turmae
463 4089 491 4141 iu
515 4090 615 4142 Tiberii
636 4092 739 4146 secundi
764 4091 870 4144 castrias
901 4082 1042 4175 aycadrus
1071 4083 1123 4157 γὰρ
1146 4086 1260 4157 σώματα

166 4146 290 4209 livosus
305 4152 453 4227 κατέστησε
468 4155 624 4227 στράτευμα
638 4157 678 4223 εἰς
693 4155 782 4227 ὄνομα
801 4160 892 4227 ἴδιον,
909 4152 1051 4225 aspicieus
1063 4155 1111 4209 soci
1122 4157 1261 4211 καθοπλί-

168 4238 219 4293 ιιας
236 4219 355 4293 αὐτούς,
372 4222 498 4311 pelosiae
513 4224 679 4314 dauoniosa3
695 4224 823 4291 δεδωκὼς
838 4222 997 4288 αὐτοῖςκαὶ
1012 4221 1165 4294 στρατηγὸν
1176 4229 1259 4280 Μαυ-

173 4289 262 4368 ρίιιιοι
277 4287 328 4346 τὸν
351 4312 458 4364 coppas
479 4296 534 4348 τῶν
559 4297 743 4364 φοιδεραιων.
776 4299 841 4351 haec
856 4298 937 4349 terme
952 4294 984 4346 ad
1002 4292 1108 4347 verbum
1126 4312 1158 4349 ex
1172 4296 1263 4349 'l'heo-

170 4360 257 4429 phane
271 4360 421 4433 Cedamus,
437 4366 506 4438 apud
523 4380 598 4435 quem
614 4366 724 4421 Leonem
742 4366 886 4421 &mentum
902 4382 920 4419 a
932 4362 1080 4436 Nicephoro
1091 4360 1198 4437 κόμηιιι
1209 4368 1264 4423 ario
