3092 4942
354 783 411 892 P.
459 778 836 890 lAGOBUS
877 779 1111 891 GOAR

599 952 880 1032 sacroru.
1036 960 1042 967 ·

642 1102 849 1113 ...η-...-

186 1202 293 1340 Quod
314 1264 367 1306 usu
384 1245 458 1306 solet
476 1245 586 1308 evenire
603 1243 656 1310 illis
674 1248 725 1326 qui
742 1247 817 1313 inter
831 1246 1014 1328 expurganda
1031 1246 1187 1307 dimtomm
1208 1243 1285 1303 aedi-

82 1405 86 1414 ,
185 1346 310 1406 liciorum
333 1350 436 1408 rudera
450 1356 559 1409 veteres
581 1351 732 1411 offendunt
750 1356 782 1411 et
800 1351 939 1411 effodiunt
961 1367 1100 1426 nrrmmos,
1126 1348 1196 1406 illud
1210 1346 1285 1405 idem

186 1447 322 1508 hactenus
348 1451 498 1510 Codbriaui
522 1446 615 1533 operis
635 1452 835 1532 interpretibus
864 1452 1016 1531 contigisse
1045 1452 1199 1526 neminem,
1236 1448 1286 1524 qui

186 1549 304 1628 legerit,
329 1551 432 1610 infitias
447 1554 552 1613 mum
565 1560 652 1634 puto,
675 1554 715 1613 illi
734 1555 874 1631 siquidem
888 1553 938 1612 ubi
956 1557 1068 1631 praeter
1083 1571 1193 1612 omnem
1206 1569 1287 1630 spem

183 1652 215 1710 in
236 1651 352 1729 aliquod
373 1654 510 1714 numisma
526 1655 664 1735 incidere,
690 1675 723 1716 se
741 1655 896 1736 locupletes
909 1652 1087 1732 existimaut3
1115 1654 1193 1713 unde
1210 1653 1288 1711 facto

184 1753 294 1832 impetu
306 1753 433 1833 mount,
454 1760 484 1815 ct
507 1757 590 1834 quasi
602 1759 676 1818 foret
695 1757 832 1818 recondbi
851 1756 977 1818 thesaud
994 1761 1201 1834 argumentum,
1228 1770 1288 1812 ma·

185 1855 239 1914 iori
252 1855 396 1916 conamine
413 1843 517 1918 terram
535 1859 601 1920 binc
619 1861 686 1920 inde
707 1864 821 1939 emunt,
840 1860 977 1939 gaudent,
996 1859 1142 1932 mirantur,
1161 1859 1289 1932 spuunt,

187 1945 218 2017 et
247 1960 391 2035 quodnam
413 1959 451 2019 sit
473 1961 578 2022 metalli
601 1979 691 2041 genus
712 1968 763 2023 aut
795 1969 927 2023 monetae
956 1959 1063 2038 species
1086 1952 1289 2029 ¹¹¹¹¹¹⁸q¹¹l³q¹¹⁰c

186 2065 273 2140 prout
298 2061 386 2124 menti
409 2065 546 2144 occurrit,
574 2065 784 2144 interpretatu.
825 2082 872 2123 me
891 2059 1030 2147 Hercule,
1057 2057 1083 2119 si
1109 2073 1168 2113 non
1195 2052 1289 2113 felle&

187 2163 311 2242 ommno,
329 2165 355 2222 si
369 2181 426 2221 non
438 2164 538 2221 divites
552 2163 601 2240 illi,
621 2165 706 2222 beata
718 2164 888 2223 numismata
900 2159 1017 2239 quaein
1028 2157 1140 2220 illorum
1153 2157 1291 2216 devenere

187 2280 304 2339 manus,
329 2281 449 2339 quarum
468 2281 557 2340 opera
579 2269 752 2324 contractam
772 2264 907 2325 amittunt
922 2262 1090 2341 rubiginem,
1111 2265 1144 2318 et
1156 2259 1290 2335 quicquid

187 2363 348 2441 squalidum
371 2360 536 2422 adhaeserat
558 2362 720 2444 deponunt,
749 2367 791 2426 ita
809 2371 843 2425 ut
864 2366 966 2425 sinon
985 2363 1133 2443 pristinum
1157 2360 1290 2437 valorem,
1335 2391 1338 2396 ·

187 2467 350 2525 restitutum
373 2464 473 2524 saltem
496 2482 531 2524 ex
555 2465 650 2542 aliqua
675 2474 756 2548 parte
779 2468 917 2548 recipiunt
939 2455 1130 2546 splendorem
1166 2465 1290 2524 fossores

187 2585 255 2626 vcro
274 2585 326 2626 nec
346 2567 462 2626 ditiores
478 2585 531 2626 nec
549 2566 684 2630 feliciores
706 2569 836 2650 appello,
868 2571 893 2628 si
916 2569 1038 2649 pretium
1062 2565 1169 2626 nubum
1188 2565 1241 2641 sit,
1265 2565 1291 2622 si

188 2670 266 2728 cuius
286 2669 420 2750 principis
439 2672 647 2751 inscriptionem
668 2673 808 2732 numisma
832 2674 906 2732 ferat
929 2677 980 2732 aut
1003 2669 1153 2748 imaginem
1178 2685 1291 2746 reprae-

189 2776 284 2830 sentet
308 2771 448 2848 ignorent.
490 2793 588 2834 exesos
613 2775 742 2854 rubigine
761 2775 935 2834 cbmacteres
956 2773 1144 2852 perlustrant3
1181 2789 1214 2830 ac
1236 2768 1291 2827 nisi

191 2873 335 2933 vaticinari
359 2877 488 2936 noverint
513 2883 564 2936 aut
588 2878 700 2936 aliunde
723 2877 881 2956 acceperint
902 2875 972 2953 quid
993 2876 1090 2938 literae
1113 2875 1158 2935 vel
1184 2877 1292 2954 figurae

192 2976 365 3056 significent,
391 2999 450 3039 non
472 2980 670 3060 explanabunt.
712 2985 904 3040 verumtamen
925 2977 1004 3055 quod
1030 2979 1069 3038 ad
1092 2978 1196 3039 Codini
1220 2997 1292 3056 opus
1320 2961 1322 2968 ’

193 3080 312 3157 attinet,
345 3081 453 3140 etiamsi
474 3101 543 3160 prae
567 3087 708 3142 venante
736 3101 795 3141 non
819 3083 859 3140 sit
882 3080 1042 3159 rancidum,
1074 3100 1142 3161 prae
1166 3079 1293 3138 novitate

193 3187 304 3258 tamen,
331 3198 405 3256 quae
427 3185 559 3242 maiorem
571 3183 711 3244 lucernae
731 3183 881 3262 plurimum
904 3182 1019 3242 deberet
1041 3183 1219 3261 promittere,
1248 3180 1292 3238 in-

193 3283 304 3342 venitur
322 3282 478 3343 obscurum.
520 3285 557 3343 de
576 3303 684 3362 nupera
706 3303 828 3362 namque
847 3285 938 3344 solum
950 3283 1070 3343 Graecia
1081 3281 1208 3340 Codinus
1221 3281 1293 3358 agit,

190 3403 249 3444 non
273 3385 387 3444 vocibus
414 3391 526 3444 tantum
550 3386 647 3461 novis,
664 3386 739 3462 sed,
772 3369 966 3462 quodmirum
982 3390 1045 3463 est,
1075 3384 1131 3444 iam
1149 3383 1293 3444 obsoletis.

191 3505 261 3546 usus
281 3488 403 3566 quippe,
432 3487 481 3565 qui
504 3488 672 3546 recentiores
687 3486 759 3544 ritus
780 3504 872 3547 mores
898 3487 991 3547 officia
1016 3491 1126 3565 vestes,
1150 3487 1293 3565 integrum

193 3589 316 3664 denique
341 3587 476 3648 Graeciae
488 3594 595 3648 saum
618 3588 737 3665 invexit,
773 3589 898 3649 Orientis
918 3609 1016 3650 everso
1031 3589 1148 3668 imperio
1164 3590 1293 3648 funditus

191 3690 313 3764 interiit;
352 3696 383 3748 et
410 3690 463 3749 sub
491 3691 579 3769 ipsius
594 3689 692 3771 Cpolis
721 3689 825 3769 ruinis,
858 3709 932 3767 quae
951 3697 1019 3750 aute
1032 3691 1169 3751 ducentos
1183 3696 1294 3750 tantum

122 3851 126 3874 ι
192 3809 283 3850 annos
306 3792 336 3850 in
361 3811 396 3852 ee
418 3792 551 3870 vigebant
574 3790 807 3869 consuetudines,
844 3793 911 3870 quia
932 3796 1020 3854 sume
1041 3811 1116 3855 novo
1140 3799 1173 3852 et
1194 3792 1295 3869 ignoto

193 3892 329 3968 loquendi
349 3912 452 3972 genere
475 3913 639 3972 expressae,
671 3895 765 3953 iacent
785 3895 885 3954 misere
906 3895 1094 3976 consepultae
1134 3895 1239 3974 paucos
1259 3911 1295 3952 ea

193 3993 231 4052 de
252 4014 336 4054 causa
351 3995 472 4074 reperire
491 3997 602 4073 estqui
622 4003 739 4077 aspectu
760 3998 850 4078 primo
869 4018 929 4058 uon
947 3999 1132 4074 demirentur,
1167 3995 1294 4071 quamvis

193 4098 249 4156 rari
273 4097 331 4156 sint
352 4099 402 4176 qui
428 4098 545 4178 propius
568 4100 748 4180 inspicientes
770 4099 866 4160 literas
886 4102 1008 4162 auctoris
1031 4118 1065 4160 ac
1083 4097 1143 4156 eius
1155 4095 1295 4156 scribendi

194 4199 381 4258 characterem
400 4197 444 4258 vel
465 4199 618 4262 evolverint
641 4202 685 4262 vel
708 4202 891 4282 penetrarint
933 4220 1018 4278 quam
1036 4199 1181 4259 infeliciter
1198 4197 1295 4257 Iunius
1369 4181 1372 4187 ¹

193 4301 224 4362 in
244 4301 410 4362 elucidanda
429 4303 592 4383 verborum,
623 4305 726 4382 quibus
747 4325 814 4364 usus
836 4304 1039 4382 esiconem,
1062 4301 1232 4362 obscuritate
1246 4299 1296 4380 de-
