3092 4942
204 289 210 307 ’
260 326 331 398 124
420 288 629 393 auersam
643 324 699 390 ur
714 325 848 401 couu
860 323 1189 394 communimus
1237 343 1240 351 Δ

255 489 381 543 blindana
396 505 458 542 vcro
476 486 610 542 maellario
626 485 726 553 virilia,
745 487 820 538 altori
832 487 942 540 leminea
955 486 1095 556 deputator
1112 491 1180 554 quae
1195 484 1296 554 quidem
1311 485 1350 538 di-

254 576 331 611 versa
347 559 422 624 licet,
433 565 542 627 potuere
559 565 644 610 tamen
656 556 705 611 elio
717 556 805 608 etalio
817 557 892 608 modo
903 557 982 610 variis
993 555 1146 625 temporibus
1157 553 1265 623 disponi.

337 646 371 703 ln
401 645 607 722 Turcograecia
637 645 767 702 subditur
799 644 853 702 alia
886 664 968 721 cura,
1004 661 1105 722 nempe
1132 643 1288 722 supplicum
1321 649 1351 702 et

253 732 471 808 confugientium
495 732 534 788 ad
560 729 709 790 ecclesiam.
751 731 859 789 interea
881 749 939 790 uon
966 730 1136 806 expungitur
1155 748 1222 786 cura
1239 728 1351 806 proprie

253 817 320 873 dicti
337 817 455 885 ιαεελλιις
476 817 589 876 tametsi
607 816 701 876 nescio
721 835 805 892 quam
829 835 893 874 vere
922 814 1128 890 Turcograecia
1160 814 1214 872 hoc
1250 832 1351 872 munus

253 901 364 958 cacellio
386 902 572 978 transcribat,
599 921 662 959 cum
680 900 785 958 ibidem
801 901 886 978 paulo
909 905 976 978 post
997 901 1072 958 idem
1103 917 1205 956 munus
1226 899 1351 974 assignet

254 987 431 1064 protendito,
445 982 516 1058 τούς
534 979 713 1064 πρόσφυγας
731 979 930 1064 ἀναδέχεσθαι
936 1029 945 1059 ,
966 985 1146 1062 confugientes
1167 983 1204 1042 od
1217 985 1352 1042 ecc-lenam

254 1075 381 1148 recepere,
401 1078 432 1130 ut
445 1072 647 1150 interpretatur
668 1070 880 1148 Turcograecus
900 1069 1025 1128 Orosius.
1051 1074 1116 1126 utut
1138 1068 1191 1146 sit,
1213 1063 1352 1130 δσαιιελ-

254 1158 321 1218 λιον
341 1177 359 1214 a
381 1160 475 1215 marari
492 1156 588 1214 sacello
603 1159 758 1234 peroniano
779 1176 825 1214 sen
843 1158 946 1216 anano
969 1172 1072 1212 nomen
1090 1153 1190 1229 habet,
1211 1156 1245 1209 ut
1267 1158 1352 1212 molor

255 1242 412 1300 εαεελλανινι
425 1263 444 1299 o
458 1245 557 1300 nemore
568 1241 681 1319 sacello,
700 1259 758 1298 uon
781 1241 907 1312 aliunde3
928 1258 1020 1316 neque
1036 1237 1100 1296 talis
1118 1239 1278 1296 nominatur
1299 1239 1353 1296 nisi

255 1333 384 1403 respectu
398 1328 435 1383 ad
447 1345 541 1384 curam
557 1325 657 1389 sacelli,
699 1345 786 1402 quare
798 1345 856 1383 non
872 1324 940 1383 satis
956 1343 1092 1402 assequor
1107 1325 1183 1401 quod
1201 1321 1354 1380 Balsamon

254 1409 375 1469 allirmat
389 1413 418 1468 in
435 1409 538 1469 Melete
555 1431 606 1469 sua
623 1412 660 1469 de
673 1411 888 1489 chartophylace
907 1417 936 1468 et
959 1409 1132 1488 protendico:
1153 1404 1188 1470 τδ
1207 1400 1352 1469 σάκελλον

254 1493 338 1574 παρὰ
359 1495 519 1574 Ῥωμαίοις
537 1492 614 1558 εἶναι
642 1493 725 1575 παρα
742 1494 776 1558 εδ
796 1497 921 1557 διοικεῖν
940 1493 992 1556 nal
1012 1490 1181 1573 φυλάττειν.
1205 1498 1254 1551 aut
1278 1493 1352 1552 enim

254 1580 377 1655 loquitur
391 1581 542 1638 Balsamon
555 1583 592 1639 dc
604 1582 776 1642 derivatione
786 1582 878 1654 vocis,
896 1585 926 1638 et
940 1585 1008 1638 tunc
1027 1578 1179 1641 σακέλλιον
1190 1595 1248 1636 non
1262 1580 1352 1654 magis
1412 1607 1423 1620 ’-

255 1657 301 1720 est
314 1663 396 1744 παρα
411 1662 444 1726 τὸ
457 1669 582 1726 διοικεῖν
600 1667 650 1727 καλ
666 1663 828 1744 φυλάττειν
840 1684 924 1744 quam
937 1661 1019 1743 neapol
1032 1661 1066 1726 τδ
1086 1658 1207 1724 τύπτειν
1228 1661 1279 1724 καλ
1296 1658 1352 1742 pol-

255 1755 373 1826 pendor.
393 1758 444 1808 aut
463 1751 587 1828 loquitur
612 1753 648 1809 de
669 1749 872 1828 significatione
899 1769 1014 1824 vocum3
1042 1756 1071 1807 et
1092 1755 1159 1812 tunc
1185 1766 1280 1805 verum
1307 1753 1351 1806 est

148 1848 151 1852 ⁴
251 1834 417 1911 praefectum
439 1837 547 1895 socellc'o
563 1855 613 1895 seu
633 1838 800 1896 sacellarium
829 1854 891 1894 esse
916 1829 1071 1914 διοικητὴν
1090 1834 1142 1895 καὶ
1163 1827 1299 1910 φύλακα,
1321 1840 1353 1892 et

254 1918 327 1976 banc
344 1922 545 1996 praefecturam
569 1941 632 1980 erse
659 1913 802 2000 φυλακήν
823 1921 983 1980 custodiam:
1013 1922 1140 1977 sednon
1167 1919 1231 1977 ideo
1261 1920 1351 1978 omnis

253 2010 353 2077 φυλαξ
371 2011 417 2062 est
437 2007 610 2081 sacellarios,
628 2026 681 2065 nec
707 2008 798 2066 omnis
820 2001 940 2086 φυλακὴ
965 2005 1084 2063 custodia
1104 2005 1213 2076 sacelli,
1230 2005 1281 2061 sed
1304 2003 1351 2060 ille

251 2094 363 2147 tantmn
377 2084 476 2167 φύλαξ
490 2098 534 2150 εει
547 2092 720 2172 sacellarius,
738 2094 782 2150 cui
799 2091 898 2151 rocella
916 2090 1022 2148 credita
1042 2095 1103 2164 est,
1121 2093 1151 2146 et
1172 2089 1219 2146 illa
1240 2094 1350 2146 tantum
1387 2075 1391 2092 '

250 2175 512 2251 custodiamcclloc,
535 2178 692 2254 quaecirca
712 2177 841 2238 sacellam
864 2180 1024 2252 occupatur.
1067 2173 1188 2250 alioquin
1212 2171 1239 2232 si
1261 2174 1350 2232 omnis

250 2257 355 2334 phylax
371 2266 447 2317 esset
462 2262 636 2335 sacellarius,
654 2264 739 2321 etiarn
756 2262 891 2339 opiliones
908 2265 937 2317 et
956 2259 1073 2334 caprarii
1093 2265 1188 2316 essent
1205 2261 1350 2334 sacellarii,

251 2343 397 2418 quiasunt
416 2336 566 2421 φύλακες,
584 2348 722 2421 custodes,
744 2352 777 2406 ut
791 2346 859 2404 alias
876 2344 1065 2403 absurditates
1089 2349 1215 2402 taceam..
1248 2345 1349 2419 quodsi

251 2427 319 2502 quid
333 2427 409 2485 aliud
423 2430 528 2489 recellit
539 2448 642 2488 nomen
654 2431 792 2508 obtinuit,
810 2431 869 2489 eius
882 2433 1039 2489 curatorem
1056 2448 1107 2493 seu
1127 2432 1271 2490 custodem
1292 2449 1348 2508 quo

249 2511 342 2569 minus
356 2514 525 2574 sacellarium
538 2515 582 2574 vel
602 2517 739 2576 cucullium
758 2516 882 2597 appelles
915 2533 973 2574 non
999 2515 1125 2596 impedit.
1166 2511 1277 2592 η’τοιλς
1292 2538 1348 2576 κα-

230 2592 400 2676 ‘nonlpponc
418 2595 451 2665 δὲ
478 2595 668 2675 φυλάττουσα
689 2597 888 2682 πατριαρχιιιή
909 2595 1034 2678 σαιιέλλη
1055 2598 1199 2664 ἐντεῦθεν
1219 2598 1270 2662 nul
1289 2593 1349 2664 onln

249 2675 382 2742 ἄλλοθεν
405 2677 643 2763 μετωνόμασται,
671 2681 771 2767 ὥσπερ
796 2683 834 2764 δὴ
860 2683 912 2748 καλ
934 2681 970 2749 εδ
994 2678 1164 2746 σακούλιον.

319 2798 346 2848 p.
364 2781 383 2832 4
398 2797 425 2834 v.
436 2781 462 2833 9.
487 2775 608 2850 σακέλιν]
637 2784 679 2834 vel
701 2790 731 2835 ut
747 2783 836 2838 scribit
854 2784 985 2836 Balsamon
1003 2777 1156 2854 cnnlllnn,
1177 2784 1347 2852 patriarcba-

139 2855 146 2865 ‘
249 2849 463 2929 laneorccrem,
486 2848 580 2918 inquo
596 2851 709 2905 nimirum
727 2853 836 2907 clericos
854 2853 903 2906 sibi
927 2852 1070 2918 subiectos,
1095 2851 1117 2906 si
1138 2859 1226 2907 sontes
1244 2853 1347 2922 luerint¹

247 2918 393 2985 patriamne
410 2924 519 2979 coemat.
578 2954 580 2959 κ
1101 2925 1105 2948 ¹

334 3006 393 3064 Sed
428 3028 481 3067 uec
510 3027 528 3066 a
562 3011 690 3069 custodia
721 3031 774 3071 nec
813 3017 930 3090 propter
960 3011 1117 3072 custodiam
1148 3011 1346 3089 patriarchicae

250 3108 345 3148 ‹su-cer
368 3092 460 3153 dictus
481 3101 526 3153 est
549 3096 664 3171 sacello,
684 3098 737 3156 sed
763 3097 846 3155 aliam
873 3097 910 3157 ob
936 3117 1066 3173 ceresam,
1095 3117 1275 3175 quaecunque
1299 3098 1346 3156 illa

249 3175 350 3232 fuerit:
383 3177 485 3255 alioqui
522 3181 611 3238 omnis
637 3201 743 3259 carcer,
776 3189 914 3260 quatenus
944 3184 1073 3242 custodia
1108 3187 1168 3258 est,
1199 3190 1346 3243 vocaretur

250 3260 367 3339 εαεελλας
381 3264 459 3338 quod
479 3283 538 3321 non
555 3272 600 3325 est
619 3265 675 3340 ita;
699 3269 772 3326 sicut
795 3275 825 3327 et
846 3271 923 3347 apud
939 3269 1095 3326 Germanos
1107 3285 1271 3325 nonomnes
1286 3288 1345 3327 car-

250 3363 327 3403 ceres
339 3346 390 3402 sed
403 3347 471 3404 certi
484 3349 597 3424 quidam
608 3358 742 3411 vocantur
761 3357 850 3426 rocci,
869 3353 932 3413 caclo
939 3398 949 3427 ,
965 3372 1024 3410 non
1041 3352 1078 3410 ob
1092 3352 1246 3410 custodiam
1264 3374 1346 3430 prae-

249 3429 323 3506 cise,
342 3429 407 3506 quia
430 3430 533 3510 alioqui
555 3454 650 3493 omnes
672 3456 795 3495 carceres
822 3437 1029 3515 appellarentur
1055 3439 1142 3512 cond,
1166 3439 1230 3513 quia
1249 3458 1345 3496 omnes
1408 3439 1410 3452 “

248 3521 318 3572 sunt
331 3517 493 3594 custodiae,
499 3519 551 3577 sed
566 3519 633 3576 alias
654 3523 690 3580 ob
704 3541 813 3600 causas,
829 3543 898 3601 quas
911 3522 1029 3580 nominis
1041 3521 1187 3598 impositor
1199 3526 1344 3600 spectavit.

249 3600 344 3674 quoad
356 3619 509 3680 carcerem,
527 3605 639 3663 rocellae
660 3626 763 3664 nomen
782 3607 906 3666 tulerunt
922 3608 1060 3683 virginum
1077 3609 1261 3684 monasteria,
1282 3629 1345 3668 cum

247 3684 306 3741 sint
319 3687 400 3761 quasi
414 3689 528 3764 quidam
540 3709 679 3766 carceres,
698 3693 763 3768 quia
774 3693 843 3750 nulli
855 3693 951 3772 egredi
968 3693 1032 3752 licet
1049 3692 1103 3750 nisi
1120 3694 1283 3770 gmvisshna
1297 3713 1344 3752 nr-

247 3774 334 3844 gente
345 3789 445 3850 causa,
461 3792 514 3832 nec
524 3775 585 3832 sine
598 3776 725 3834 honesto*
731 3778 880 3856 comitatu,
897 3779 945 3857 qui
966 3779 1072 3836 ducant
1092 3785 1121 3837 et
1142 3780 1292 3856 reducant,
1311 3783 1345 3837 ιιι

246 3855 417 3933 praecipitur
444 3857 475 3916 in
493 3860 535 3924 46
559 3880 666 3919 canone
686 3861 831 3921 anllano.
873 3870 903 3936 et
925 3864 980 3922 huc
1001 3869 1132 3941 spectant
1149 3864 1196 3921 illa
1221 3865 1344 3943 quaein

248 3937 453 4016 Turcograecia
468 3963 497 4020 p.
517 3947 579 4023 203
592 3966 627 4004 ex
642 3946 874 4024 Augustano'ms
896 3948 1073 4025 Pachymeris
1090 3951 1186 4008 codice
1205 3956 1343 4008 annotan-

245 4028 315 4122 tur:p
327 4019 416 4100 οὗτος
438 4025 468 4108 (δ
482 4027 573 4112 μέγας
585 4028 791 4113 σακελλᾶριας)
804 4032 999 4113 ἒιιιτηρεῖτδς
1013 4030 1094 4114 ἱεραῖς
1107 4033 1248 4108 σατιὲλλας
1256 4079 1265 4110 ,
1288 4036 1344 4112 δη-

245 4112 344 4172 λονατι
360 4108 398 4172 col
421 4121 576 4192 γυναικεῖα
604 4114 798 4197 μοναστήρια.
848 4118 872 4176 si
898 4120 960 4195 quis
987 4120 1023 4177 ob
1050 4119 1207 4176 huiusmodi
1228 4120 1343 4178 sacellas

246 4210 342 4254 earum
359 4203 516 4257 curatorem
527 4201 594 4260 velit
606 4221 719 4280 quoque
737 4201 870 4262 sacellarii
887 4204 1125 4276 nomenclaturam
1147 4204 1261 4283 tulisse,
1281 4225 1344 4263 cum

247 4277 302 4338 hoc
320 4300 377 4342 uon
391 4286 541 4364 pugnabo,
552 4288 704 4348 dummodo
718 4305 776 4348 non
791 4289 896 4348 abnuat
912 4286 1084 4348 sacellarium
1103 4289 1233 4368 primario
1255 4291 1343 4350 uomi-
