3092 4942
471 357 519 426 lli
539 359 688 431 consti
708 361 794 428 CAP.
809 360 900 433 vul.
1146 368 1224 438 305

123 523 238 600 qnando
251 521 383 584 Christus
403 521 440 582 in'
454 520 577 582 Iordane
601 487 768 602 baptizaturi
785 522 892 584 mundo
909 523 1061 604 appamits
1085 526 1127 586 sic
1148 530 1223 605 enim

123 609 179 674 ait:
199 616 307 668 suscense
327 609 454 666 luminum
472 607 545 681 does,
564 607 603 666 cd
621 625 696 687 quesn
711 611 877 686 pervenimus
896 629 1021 688 qaenam
1041 610 1117 672 bodie
1131 614 1224 674 diuino

123 695 248 772 bessefics'o
271 693 471 766 celebravimus,
488 712 538 770 pso
548 695 680 770 priaops'o
698 691 803 772 podem
823 693 926 754 Christi
945 699 1012 769 mei,
1031 695 1081 756 boe
1094 704 1134 756 est
1147 719 1224 760 uerae

120 771 192 839 lucis
214 797 311 838 omnem
331 777 456 836 Moenus
478 780 509 837 in
528 777 652 836 mundum
668 781 816 838 naumann
838 779 1034 854 otomanus,
1064 781 1223 860 baptismum

122 863 218 936 habet,
238 881 322 922 mecm
335 869 422 922 eutem
435 881 535 940 quoque
543 865 731 939 purgationem
751 868 885 940 operatua.
927 869 959 921 et
976 870 1044 943 post
1058 863 1172 943 longam
1186 870 1224 927 de

121 947 264 1043 baptismo
278 947 385 1006 Christi
398 947 618 1026 disputationem
630 947 703 1034 hanc
718 947 756 1006 ad
771 947 864 1026 ipsam
885 949 1019 1008 orationis
1038 949 1141 1011 calcem
1157 972 1224 1032 par-
1251 992 1255 1004 ,

122 1033 254 1092 aenesin:
279 1051 327 1090 nos
346 1037 434 1090 auten
458 1031 535 1092 hodie
556 1030 658 1090 Glnists'
675 1033 834 1109 baptismum
855 1035 948 1092 essue
970 1035 1170 1112 cananae
1189 1058 1225 1098 uc

116 1117 222 1197 festum
238 1117 340 1176 bonate
353 1117 521 1191 celebremus,
539 1135 592 1176 nm
603 1105 703 1176 ambis
716 1115 822 1175 deliciis
835 1137 939 1196 operum
953 1119 1065 1194 dmtes,
1087 1123 1133 1180 sed
1146 1127 1227 1200 spin'·

122 1203 235 1264 tucls'ter
255 1221 301 1260 nos
322 1205 393 1278 ipsos
411 1201 578 1266 oblectantes.
619 1201 758 1262 insciam
773 1201 942 1280 Gregorium
956 1204 1091 1264 intellexit
1108 1206 1224 1266 Nicetas

122 1273 288 1348 scholiastes
302 1287 371 1346 eius·
413 1287 491 1362 quod
504 1287 601 1346 itidem
614 1305 649 1346 es
663 1286 844 1366 inscriptione
865 1289 971 1366 liquet,
994 1307 1068 1365 quae
1086 1299 1132 1350 est
1153 1291 1223 1352 ista:

123 1373 171 1446 εἰς
184 1368 221 1435 cri
236 1366 307 1454 ἅγια
320 1375 407 1448 φῶτα
419 1376 481 1432 uois
494 1371 664 1446 lucensius
677 1367 776 1453 λόγος.
817 1374 893 1432 idern
904 1373 1019 1452 planum
1033 1376 1067 1434 lit
1079 1395 1115 1436 ex
1133 1376 1261 1444 ritus-1³
1279 1390 1332 1448 228

120 1457 196 1517 libus
220 1457 392 1516 Graecorum
410 1455 505 1534 libris,
530 1456 579 1515 ubi
599 1452 773 1538 προεόρτιον
793 1462 854 1519 ssia
868 1454 979 1536 φοίτων
993 1460 1062 1519 nihil
1081 1469 1127 1521 est
1147 1462 1224 1523 ahud

122 1560 211 1620 quam
237 1543 393 1620 prolesnsm
419 1541 575 1620 epiphaniae
596 1559 648 1600 seu
675 1542 858 1620 apparitionis
877 1544 984 1603 Christi
1004 1547 1043 1605 ad
1062 1545 1224 1626 Iordanem,

122 1628 241 1706 qnando
256 1647 273 1686 a
285 1626 408 1686 Iordane
427 1626 590 1706 baptizatus
604 1633 673 1703 est,
691 1628 842 1706 ipsumque
853 1629 958 1688 festum
968 1631 1017 1701 die
1026 1637 1108 1690 serto
1122 1632 1226 1692 lanua

120 1713 156 1772 rii
179 1711 258 1790 apud
278 1711 402 1770 Graecos
422 1711 554 1771 celebrari
574 1712 687 1771 solitum
706 1712 866 1790 appellatur
885 1707 973 1794 ἑορτὴ
1000 1719 1064 1776 res
1090 1713 1225 1794 poium

120 1797 203 1860 caius
217 1795 414 1876 appellationis
428 1815 462 1855 ea
474 1802 520 1855 est
531 1798 619 1874 ratio,
640 1798 708 1872 quia
719 1797 873 1858 Chr-'stimi
893 1816 928 1857 eo
948 1799 995 1858 die
1013 1801 1043 1858 in
1061 1801 1178 1860 eeclesia
1195 1808 1227 1862 et

121 1882 192 1942 alibi
206 1882 281 1940 iaces
292 1899 390 1940 eereos
410 1880 537 1940 lucernas
557 1881 765 1959 accendebant,
783 1889 817 1941 nt
836 1883 877 1944 ait
895 1883 1027 1961 Nicetes,
1047 1885 1077 1943 in
1090 1887 1227 1948 honorem

121 1967 264 2046 baptisati
283 1967 405 2043 Christi,
435 1967 483 2042 qui
503 1982 570 2024 reru
590 1967 638 2026 lus
657 1972 718 2044 est,
745 1972 776 2025 et
799 1968 932 2047 baptismi
950 1969 987 2028 ab
1008 1971 1073 2047 ipso
1093 1972 1227 2051 instituti,

123 2055 176 2131 qni
190 2058 220 2112 et
232 2052 293 2130 ipse
306 2055 374 2128 φῶς
388 2049 442 2112 καὶ
455 2047 607 2132 aucupia
619 2053 797 2131 nominatos,
817 2059 850 2110 ut
863 2058 949 2114 numa
962 2054 1088 2114 dumus

210 2137 363 2196 Caeterum
374 2136 453 2194 locus
464 2156 500 2196 er
513 2137 639 2196 oratione
653 2139 690 2196 dc
703 2137 845 2216 bapt‘urno
867 2155 959 2198 novoe
976 2138 1016 2198 illi
1036 2140 1161 2217 opinioni
1182 2142 1227 2200 ni-

121 2219 165 2281 hil
179 2222 331 2282 adiumenti
345 2223 453 2280 adfert:
474 2241 541 2283 nam
554 2223 738 2300 baptismum,
755 2222 987 2298 quemchristus
1008 2226 1147 2304 suscepit,
1175 2245 1227 2285 vo-

121 2312 174 2368 cnt
186 2307 300 2366 sulutem
313 2314 445 2379 antron,
467 2307 547 2382 quia,
569 2314 602 2368 ut
616 2313 711 2385 patres
724 2307 802 2382 loqui
815 2307 924 2387 solent,
942 2309 1072 2369 Christum
1085 2311 1227 2387 baptismo

69 2407 70 2414 ¹
120 2411 179 2452 suo
190 2410 282 2467 aquas
296 2388 478 2453 sanctificavit
490 2397 521 2450 et
535 2398 650 2453 ambae
661 2393 746 2452 saluti
758 2393 789 2450 in
809 2391 979 2470 baptismate
1000 2414 1053 2453 suo
1072 2415 1227 2474 procuran-

122 2479 180 2536 dae
194 2477 348 2558 destinauit
361 2482 391 2534 et
404 2475 564 2536 salutiferas
581 2476 682 2536 effecit
725 2478 857 2553 quocirca
872 2486 1092 2538 asennaeum
1108 2500 1172 2539 esse
1185 2483 1228 2540 ait
1330 2550 1334 2555 ¹

122 2561 350 2638 Nazianzenus,
362 2567 396 2621 ut
413 2561 486 2620 sicut
505 2561 551 2620 alii
564 2563 639 2622 diem
651 2561 774 2622 natalem
787 2583 886 2640 suum,
905 2565 1076 2624 matrimonii
1088 2572 1119 2623 et
1131 2567 1162 2622 id
1175 2584 1226 2641 ge·

123 2665 181 2708 nus
203 2647 272 2706 alios
294 2648 445 2722 quotannis
465 2647 622 2723 celebrant,
650 2647 692 2704 ita
709 2647 796 2705 etmm
816 2650 930 2709 sulutem
950 2656 1085 2723 nostran,
1112 2649 1169 2710 hoc
1181 2655 1227 2710 est

122 2731 271 2812 baptisma
282 2732 403 2809 Christi,
424 2733 612 2791 annnmsaria
623 2730 759 2809 panegyri
773 2731 951 2792 celebremus.

211 2816 327 2876 Maneat
341 2835 426 2895 ergo,
445 2818 550 2876 festum
562 2817 697 2874 luminum
708 2834 771 2874 esse
784 2817 888 2876 festum
902 2815 1068 2896 epiphaniae
1090 2833 1142 2875 sen
1165 2818 1226 2895 epi·

122 2900 310 2980 phaniscum,
331 2902 445 2977 quando
459 2902 588 2961 dommus
602 2901 632 2958 in
649 2899 770 2960 Iordane
789 2901 951 2979 baptizatas
968 2902 1075 2959 mundo
1091 2904 1227 2981 apparuit

124 2992 158 3047 et
180 2993 213 3045 ut
232 2987 408 3046 fortunatum
431 2985 510 3044 sidus
531 2985 686 3044 felicissime
702 2985 812 3044 illusit:
829 2985 903 3044 hanc
922 2985 997 3044 enim
1017 2985 1107 3047 solam
1120 2989 1227 3046 donissi
1298 3037 1301 3044 ,

124 3071 307 3150 epiphaniam
319 3089 369 3129 seu
383 3071 587 3150 apparitionem
599 3070 739 3148 baptismo
752 3069 888 3129 illustrem
904 3069 1006 3129 Graeci
1017 3070 1162 3129 solennem
1174 3072 1226 3131 hu-

124 3157 214 3233 bent,
234 3175 286 3216 nec
306 3157 344 3214 de
364 3154 543 3236 apparitione
561 3155 655 3232 Magis
678 3156 754 3218 lacta
772 3154 942 3216 mentionem
959 3155 1045 3214 ullam
1062 3157 1227 3232 ecquidem

127 3242 176 3300 die
189 3243 395 3318 lausannam
414 3239 511 3299 Iatini
527 3241 704 3320 potissimum
723 3241 769 3300 die
790 3246 873 3302 sexto
884 3239 1005 3299 Innumii
1016 3239 1168 3300 solenniter
1180 3263 1226 3300 re·

128 3326 225 3386 colant
237 3326 417 3406 epiphaniam
430 3345 480 3385 sen
493 3326 762 3403 manifestationem,
773 3344 846 3402 ιιιιιιι·
854 3325 984 3385 Chr‘sstns
997 3327 1090 3385 inians
1102 3328 1226 3386 oriente·
1339 3370 1344 3376 -

128 3411 206 3470 libus
226 3411 319 3489 Magis
339 3430 402 3470 sese
422 3412 570 3491 patefecit3
592 3411 703 3470 tametsi
716 3426 768 3469 nec
780 3411 858 3470 illam
869 3411 982 3489 penitus
995 3410 1142 3488 negligant
1154 3430 1229 3489 quae
1343 3459 1345 3461 .

127 3497 206 3556 facta
219 3503 264 3557 est
278 3497 316 3554 ad
329 3495 477 3556 Iordanem
494 3495 524 3557 in
544 3496 703 3577 baptimo,
727 3511 780 3554 nee
797 3495 874 3554 illum
894 3514 968 3572 qnae
982 3497 1106 3574 contigit
1125 3497 1155 3554 in
1173 3516 1228 3555 nn-

129 3581 199 3659 ptiis
214 3581 245 3640 in
264 3582 346 3645 Cane
370 3581 528 3660 Galilaeae,
555 3582 669 3658 quando
688 3581 809 3659 primurn
828 3581 941 3659 signnm
957 3582 1033 3641 feeit
1073 3581 1139 3641 hinc
1151 3584 1229 3641 canit

129 3665 261 3726 ecclesia:
281 3667 368 3724 tribus
389 3667 526 3726 sos'rueuls's
548 3663 756 3748 ermundies
775 3674 898 3725 sanctuar
917 3666 1043 3724 colinus
1076 3673 1108 3726 et
1128 3673 1229 3726 oetam

130 3751 298 3831 epiphaniae
317 3751 493 3829 potissimum
515 3750 684 3832 apparitioni
702 3752 739 3809 ad
758 3749 907 3810 Iordanem
919 3750 1104 3830 inbaptismo
1115 3753 1231 3813 dedica·

131 3839 195 3914 tur,
214 3842 248 3896 nt
261 3835 377 3916 planum
389 3837 423 3895 fit
435 3853 470 3896 er
483 3834 629 3896 sommae
641 3834 772 3895 ecclashe
784 3835 930 3895 ritualibus
945 3833 1032 3895 libris.

215 3941 246 4000 μ
260 3922 303 3986 65
315 3939 342 3980 v.
357 3923 383 3983 1.
404 3917 551 4000 ιῖγιιισμός
563 3940 615 3980 sen
635 3924 794 3980 comessatio
814 3927 840 3979 et
862 3924 979 4000 apsens
1000 3940 1097 3999 opus.
1137 3919 1231 4001 primu

132 4005 335 4082 die'euinsque
358 4005 461 4064 mensis
485 4024 560 4082 aqua
586 4005 803 4064 benedicebatur
825 4011 914 4064 etex
933 4005 1083 4066 benedicta
1100 4004 1228 4065 homines

132 4091 397 4170 aspergebanturin
417 4089 523 4170 palatio
544 4091 712 4170 cpolitano,
733 4096 851 4169 excepto
863 4089 1010 4169 Imuario,
1028 4109 1087 4167 quo
1098 4091 1129 4148 id
1141 4089 1229 4148 fiebat

133 4177 179 4234 die
192 4183 289 4254 sexto,
309 4176 364 4237 hoo
376 4182 421 4236 est
433 4176 463 4234 in
476 4176 541 4256 ipss
553 4175 704 4256 epiphania
721 4176 843 4254 domini,
870 4184 901 4236 et
914 4177 1089 4256 Septembri,
1120 4193 1177 4250 quo
1196 4175 1228 4232 id

132 4260 217 4320 fiebat
236 4261 282 4320 die
304 4261 346 4324 14
369 4261 491 4340 inipso
516 4261 685 4320 exdtatione
703 4261 734 4320 S.
760 4263 856 4321 ands
876 4333 883 4337 ⁴
907 4263 999 4321 forma
1023 4259 1231 4321 benedicendae

131 4362 222 4422 aquae
234 4351 328 4406 exstat
341 4365 375 4407 ex
390 4345 510 4408 Menses
525 4345 740 4414 die61annacii
758 4354 790 4409 et
806 4347 838 4409 ia
857 4342 1046 4426 Enchologio,
1065 4348 1096 4406 et
1109 4351 1153 4405 est
1165 4345 1229 4406 ists

174 4438 268 4493 Gadis.
281 4437 433 4508 Cusopolut·
448 4439 483 4495 de
495 4431 573 4509 Osfit·
979 4432 1024 4496 20
