3092 4942
316 409 391 480 ³56
481 403 689 474 GRETSERI
701 403 756 468 ΕΤ
773 401 904 469 GOARI
919 397 1248 502 COMMENTARIUS

316 579 381 636 dem
398 569 584 653 ἐπικομβίοις
604 570 703 630 eodem
726 568 914 627 coronationis
937 568 984 626 die
1003 567 1100 646 spargi
1118 565 1208 626 solitis
1231 566 1302 627 haec
1314 567 1414 627 odem

316 663 387 722 libro
401 662 629 719 Cantacuzeuns:
650 649 713 717 ὑπό
729 651 763 716 di
783 650 840 732 τήν
860 647 956 732 ταύτην
974 650 1092 733 η’μίραν
1110 652 1144 715 ἐν
1166 658 1231 726 τοῖς
1249 653 1416 732 βασιλείοις

316 751 373 810 τοῦ
390 740 489 825 δήμου
508 737 769 820 συνηθροισμένον
785 734 898 812 παντός
921 734 1002 817 παρά
1023 740 1082 800 τοὺ
1102 730 1200 800 αὑτοῦ
1217 741 1415 816 συγκλητικοῦ

316 835 379 894 τοῖν
391 826 544 913 προτέρων
558 825 619 888 loos
631 819 654 902 ἢ
666 823 718 887 ναί
731 824 866 895 πλείονες
880 824 1034 899 ρ’ίπτυνται
1048 815 1225 898 άπόὺεσμοι.
1239 823 1413 900 Curopalata

317 939 347 997 p-
358 919 399 982 98
416 936 442 974 v.
456 918 477 976 2
499 914 528 970 in
543 916 687 990 posterum
699 909 773 968 diem
784 910 815 967 id
828 908 930 979 reiicit3
952 926 1009 984 quo
1023 907 1070 966 die
1081 909 1111 966 id
1120 909 1206 966 etiam
1218 908 1282 966 fieri
1300 909 1411 966 solitum

314 1003 530 1060 Cantacuzenus
542 995 637 1056 scribit
651 995 669 1054 l.
687 992 806 1056 1e41.
834 993 933 1052 similia
950 994 1007 1051 fere
1029 992 1202 1072 Curopalata
1213 999 1312 1052 noster
1326 1013 1349 1051 c.
1365 996 1411 1058 17.

316 1087 355 1144 de
370 1085 424 1144 hoc
439 1101 516 1142 more
535 1079 712 1159 accipiendus
725 1097 839 1156 quoque
853 1083 897 1136 est
911 1075 1094 1154 Pachymeres
1107 1079 1125 1137 l.
1142 1081 1163 1140 9
1182 1098 1251 1137 suae
1269 1078 1413 1154 historiae,

316 1171 366 1230 ubi
387 1169 511 1229 scribens
532 1166 569 1224 de
592 1165 772 1226 coronatione
794 1163 937 1222 Michaelis
957 1163 1118 1240 Palaeologi
1137 1163 1185 1221 tilii
1204 1161 1357 1222 Andronici
1368 1182 1412 1220 se-

314 1255 417 1334 nioris,
438 1254 629 1334 βιπτοῦνται,
649 1249 754 1326 inquit,
773 1248 806 1310 oi
826 1244 971 1328 συνήθεις
984 1241 1158 1329 άπόὺεσμσι.
1200 1253 1230 1306 et
1251 1248 1357 1306 frustra
1368 1253 1414 1306 est

314 1341 388 1400 bene
404 1342 441 1398 de
457 1337 571 1396 Graecis
584 1335 698 1402 meritus
718 1335 872 1413 interpres,
891 1333 939 1412 qui
958 1333 1107 1414 fasciculos
1129 1333 1296 1395 odoratorum
1310 1335 1413 1413 florum

315 1429 413 1506 spargi
431 1425 520 1483 solitos
534 1421 651 1482 coniicit.

385 1537 450 1592 ibid.
488 1537 551 1590 haec
578 1528 740 1603 ἐπιτύμβια,
769 1531 842 1600 rogia
876 1528 983 1586 donaria
1015 1545 1125 1584 οσεσοιο
1160 1535 1297 1600 ιυεσεριοο
1325 1529 1416 1598 gratia

316 1623 421 1676 sparsa,
436 1606 549 1675 reperies
563 1601 633 1672 apud
650 1603 702 1654 anti
720 1617 767 1654 uos
788 1597 923 1660 ὑπατείας
946 1618 1011 1652 vocs
1033 1598 1185 1667 significata.
1210 1599 1278 1652 dictu
1294 1600 1416 1667 suggerit

317 1682 490 1742 argumentum
508 1673 640 1726 cedrenus
660 1671 686 1724 in
701 1620 853 1723 lustiniano:
882 1665 1017 1738 βασιλεύει
1036 1661 1106 1720 leuia
1128 1664 1178 1736 με’,
1202 1665 1251 1720 ναί
1272 1683 1416 1736 μονοπρα-

316 1742 403 1811 τήσας
419 1741 542 1795 δέδωκεν
556 1737 692 1793 ὑπατείαν
709 1733 779 1806 ὅσην
795 1735 888 1798 aridulo
904 1733 1039 1807 βασιλέοιν
1056 1732 1171 1790 δέδοικε.
1194 1737 1365 1807 Theophanes
1384 1737 1415 1790 in

316 1813 424 1865 Tiberio
442 1808 554 1878 ἔρριψεν
571 1806 708 1861 ὑπατείαν
732 1803 848 1874 πολλήν.
871 1807 898 1858 iu
922 1807 1103 1875 Coptonyrnot
1124 1805 1272 1872 προῆλθον
1294 1806 1417 1874 βασιλεῖς

316 1875 460 1948 ῥίπτοντες
480 1875 617 1931 ὑπατείαν
637 1875 771 1944 τριμίσεια
794 1873 842 1927 sal
863 1875 982 1942 σιμίσεια
1003 1873 1054 1927 ναί
1075 1874 1228 1942 νομίσματα
1246 1870 1415 1941 sarvam«

317 1953 370 2012 ἕως
385 1950 434 2018 τῆς
449 1943 567 2018 μεγάλης
581 1941 732 2014 ἐκκλησίας.
751 1945 894 1998 Simocuttu
909 1946 928 1998 8
946 1947 979 1996 10
994 1944 1028 1996 da
1043 1944 1130 1997 l’boca
1139 1943 1165 1996 in
1176 1942 1310 1995 Hebdomo
1320 1959 1415 1996 roeeus

317 2029 457 2072 coronator
480 2019 516 2087 τῇ
538 2011 564 2069 ‹i’
580 2009 711 2088 ὑστεραίᾳ
728 2006 895 2084 ἐπιβατήρια
915 2013 973 2067 τάν
988 2008 1136 2080 σκήπτρων
1153 2015 1213 2072 τοῖς
1228 2007 1414 2079 στρατεύμασι

315 2089 394 2152 δῶρα
410 2085 495 2150 παρεί
510 2102 565 2138 ετο.
582 2085 636 2136 Leo
654 2083 843 2136 Grammaticus
866 2083 908 2134 vel
932 2081 997 2134 alius
1018 2081 1101 2149 quivis
1124 2081 1151 2133 in
1170 2081 1288 2133 Armenio
1309 2081 1414 2133 beonet

318 2152 434 2224 Μιχαὴλ
453 2151 468 2206 ὑ
488 2103 611 2224 βασιλεύς
628 2153 671 2223 τῳ·
691 2148 792 2220 πρύτρι
815 2149 870 2203 ἔτει
893 2148 944 2219 τῆς
967 2149 1105 2219 βασιλείας
1126 2145 1214 2202 αὑτοῦ
1232 2145 1344 2217 ἔστεψεν
1358 2143 1415 2203 τὸν

316 2220 383 2276 υίὺν
405 2220 493 2276 αὑτοῦ
519 2219 733 2288 Θεσφύλαντον,
756 2216 796 2280 είς
818 2216 869 2281 τάς
893 2237 924 2272 τε
945 2211 1044 2283 ἑορτάς
1070 2214 1263 2287 προελθούσης
1285 2215 1332 2270 ναί
1359 2217 1417 2285 τῆς

318 2286 450 2360 χυναιιιὺς
474 2285 562 2344 αὑτοῦ
582 2290 745 2356 Προνοπίας
767 2283 837 2356 μετά
859 2284 943 2354 δόξης
966 2288 1084 2354 πολλῆς,
1113 2285 1160 2341 καί
1185 2285 1417 2354 παρασταθείσης

319 2360 477 2428 ἔμπροσθεν
493 2360 544 2412 τοὺ
559 2357 774 2426 θυσιαστηρίου,
792 2354 840 2410 καί
857 2353 970 2425 ίὺούσης
993 2352 1127 2424 στέψιμσν
1149 2356 1201 2410 τοὺ
1222 2352 1289 2409 uiuri
1312 2349 1416 2424 αὑτῆς,

317 2425 367 2482 οιαὶ
382 2424 536 2494 ποιησάσης
550 2421 641 2494 χαράν
656 2422 792 2510 μεγάλην,
808 2423 858 2477 aul
874 2422 1052 2494 θιανειμάσης
1066 2421 1193 2494 χρήματα
1207 2419 1311 2478 πολλοί·
1334 2418 1414 2492 αὕτη

318 2491 373 2565 yolo
395 2485 433 2562 ἦν
455 2494 624 2546 ὑιατιθοὺσοι
642 2492 737 2545 πάντα
755 2513 792 2546 τα
813 2495 864 2560 τῆς
887 2494 1033 2563 βασιλείας.
1050 2494 1254 2563 ερσσοεοὺντίίιιεε
1270 2491 1415 2560 congiariis
1493 2527 1502 2546 a

316 2565 462 2618 muneribus
478 2562 604 2614 donativis
627 2563 691 2616 haec
714 2561 894 2630 imperatorum
913 2557 1050 2623 ὑπατείας
1069 2580 1159 2616 nomen
1181 2563 1317 2616 retinuisse
1333 2560 1417 2614 intlu-

315 2634 384 2686 bium
402 2639 449 2684 est.
469 2639 563 2700 quanto
585 2631 672 2697 fastu,
694 2629 929 2697 acclamationibus,
952 2631 1138 2697 munificentia,
1162 2631 1289 2684 donativis
1307 2646 1415 2685 κοινω-

292 2721 296 2730 ·
316 2698 369 2756 νύν
384 2703 440 2755 τῶν
456 2693 558 2753 ἑαυτοῦ
573 2701 726 2767 θησαυρῶν
743 2695 919 2766 abbatianos
934 2697 1054 2768 ποιήσας
1069 2700 1207 2754 Mauricius
1228 2699 1327 2769 inierit,
1345 2715 1417 2754 vet-

286 2805 288 2810 .
316 2771 358 2826 bis
373 2787 489 2842 pompam
504 2769 670 2840 aequantibus
686 2776 804 2822 recursat
818 2769 962 2822 simocatta
978 2774 992 2823 1
1011 2772 1052 2823 12.

384 2873 420 2927 ib.
438 2887 464 2922 v.
484 2871 518 2925 14
539 2863 586 2924 aa
601 2867 768 2937 σνουταρίου
786 2869 947 2938 καθεσθείς]
963 2871 1080 2924 sedentes
1095 2871 1121 2924 in
1144 2871 1236 2941 clypeo
1257 2887 1303 2940 per
1320 2872 1418 2924 castra

316 2941 481 2994 circumferre
495 2957 585 2993 recens
604 2940 774 3008 proclamatos
789 2939 956 3009 imperatores
978 2949 1165 2993 consueverunt
1180 2940 1275 3009 antiqui
1291 2939 1418 2995 nonant.

316 3011 432 3064 Zonaras
453 3010 480 3062 in
503 3009 654 3062 lastinianus
675 3004 816 3061 ‘Taoittov
839 3004 886 3062 tat
899 3005 1018 3070 ἀσπίδος
1039 3006 1187 3078 μετάρσιον
1205 3005 1321 3075 άραντες
1334 3001 1417 3060 σίνα-

315 3077 460 3147 ηορεύουσι
481 3073 603 3148 βασιλέα.
637 3078 711 3130 Theo
731 3078 809 3130 hanes
833 3077 860 3130 iu
885 3077 1020 3130 Mauricio=
1054 3073 1103 3131 τὺν
1129 3072 1274 3146 Γερμανύν
1300 3069 1421 3130 άνοντοι

314 3142 470 3216 στρατηγόν
491 3141 681 3215 άνημόρευσαν
711 3095 756 3200 ἔστί
777 3141 894 3208 άσπίθος
915 3141 1085 3211 ὑψύσαντες.
1111 3146 1219 3199 ibidem:
1245 3138 1281 3199 τά
1307 3140 1419 3214 πλήθη

315 3209 559 3280 συναθροισθέντα
578 3209 784 3285 προβάλλονται
801 3211 917 3285 ἔξαρχον
934 3214 1034 3267 Φωκάυ
1052 3210 1101 3270 τόν
1116 3211 1280 3284 νίνταρχον,
1295 3210 1342 3266 aul
1357 3206 1421 3269 ἔπλ

315 3278 421 3337 άσπίθα
449 3284 550 3337 τούτου
572 3278 732 3352 ὑψάσαντες
760 3279 924 3353 εύφήμησαν
949 3280 1075 3352 ἔξαρχον.
1112 3284 1200 3337 eadem
1231 3300 1296 3353 pene
1323 3283 1421 3337 verba

314 3353 406 3406 scribit
422 3351 563 3410 Simocattu
577 3355 593 3406 8
613 3355 644 3414 7,
663 3344 865 3421 ἑκατόνταρχον
881 3360 964 3404 tameo
979 3352 1117 3406 correctius
1134 3360 1209 3407 vocat
1226 3369 1299 3421 quem
1315 3350 1420 3405 'Pheo-

315 3422 413 3490 phanes
431 3419 590 3490 νένιαρχσν.
608 3421 740 3489 Gregoras
756 3421 774 3474 8
792 3425 821 3476 1:
836 3416 891 3489 άνη
909 3416 1020 3487 σρεύετο
1037 3415 1063 3473 θ’
1079 3415 1193 3487 ύστερσν
1207 3415 1271 3486 παρ’
1285 3413 1419 3475 ἑκόντων

313 3491 369 3541 τῶν
393 3484 526 3556 ὑπηκόων
548 3483 699 3555 ἁπάντων,
719 3488 871 3552 καθεσθείς
892 3440 934 3542 ld
958 3483 1076 3550 άσπίθος
1097 3485 1171 3543 nurci
1194 3485 1226 3542 τύ
1248 3487 1278 3542 ἔν
1297 3483 1419 3554 τούτοις

314 3550 481 3623 ἔπινρατούν
494 3553 569 3618 ἔθος.
588 3557 644 3609 Lib.
662 3557 679 3610 4
696 3574 717 3610 s.
737 3561 769 3610 la
786 3553 833 3611 ίπλ
848 3558 898 3628 τῆς
911 3553 1028 3621 άσπίὺος
1051 3552 1179 3612 ἐνταῦθα
1194 3557 1259 3623 περὶ
1274 3553 1325 3626 τὴν
1339 3557 1418 3612 Μα-

312 3621 738 3766 ttattnttaatat
751 3620 1420 3766 ateanaenatarunt

368 3747 372 3762 .
725 3733 730 3746 ·
832 3735 841 3754 ·
922 3714 940 3766 a
1159 3714 1175 3749 ο

311 3763 416 3816 cauiert
434 3763 581 3818 Gretserus.

206 3885 318 3942 1³255¹
399 3865 486 3927 Porro
516 3869 585 3928 haec
618 3887 690 3945 quae
720 3867 749 3926 in
787 3885 867 3944 seqq.
905 3869 1097 3945 continentur,
1134 3870 1245 3929 videtur
1277 3868 1419 3932 Codinus

313 3969 348 4010 er
376 3953 573 4013 Cantacuzeno
598 3954 789 4033 descripsisse:
817 3954 916 4012 eadem
938 3955 1012 4012 enim
1032 3974 1121 4034 prope
1147 3955 1282 4014 verbatim
1308 3954 1421 4017 scribit

314 4038 527 4098 Cantacuzenus
542 4041 559 4100 1
574 4036 623 4100 41.
654 4039 794 4118 posterior
806 4043 899 4100 autem
913 4039 1111 4100 Cantacuzeno
1124 4042 1251 4099 Codinus
1264 4040 1328 4116 suit,
1340 4059 1418 4101 cum

312 4122 502 4182 Cantacuzeni
526 4123 673 4199 aliquoties
693 4124 863 4183 mentionem
881 4125 980 4201 faciat,
1007 4145 1064 4183 non
1089 4132 1122 4184 ut
1142 4126 1284 4185 coaetanei
1301 4127 1352 4183 sed
1379 4137 1418 4188 ut

310 4213 438 4288 tempore
458 4208 570 4288 prioris3
592 4215 729 4286 notatque
749 4207 895 4269 Pontanus
919 4216 1015 4268 noster
1040 4212 1070 4268 in
1089 4212 1165 4270 notis
1186 4214 1222 4270 ad
1244 4230 1267 4268 c
1286 4208 1323 4272 41
1347 4209 1371 4269 Ι.
1394 4219 1415 4276 l

310 4291 443 4354 historiae
457 4294 645 4353 Cantacuzeni
658 4295 800 4354 Codinum
813 4295 913 4353 vixisse
925 4296 978 4354 sub
993 4296 1123 4355 Manuele
1142 4294 1294 4356 Andronici
1313 4296 1416 4356 iunio-

310 4379 481 4461 abnepote,
503 4381 551 4458 qui
566 4379 800 4465 antepenultimas
814 4380 967 4459 imperator
985 4399 1020 4440 ex
1039 4382 1197 4462 Cpolitanis
1213 4381 1283 4459 fnit,
1302 4381 1416 4440 Turcis
