3092 4942
296 309 371 390 ³04
453 309 665 384 GRETSEBI
676 307 1226 379 hrffltnlcotmsnrsnws

322 519 324 528 ι
379 473 520 539 Morosius
538 475 632 536 adhuc
652 473 882 554 grammaticatnr
904 473 981 534 idem
1006 470 1195 534 Casanbonns
1218 473 1256 534 de
1277 474 1393 536 nbmms
1510 480 1511 555 l

186 557 211 612 Ρ
229 557 282 616 22⁷
294 564 361 628 festi
377 563 498 622 Exercit
514 582 539 622 c.
557 559 606 624 15.
648 561 828 641 epiphaniam
848 559 923 620 enim
937 577 988 618 sen
998 559 1199 640 theophaniam
1208 561 1305 640 potins
1314 581 1392 620 mm-

293 656 391 731 petere
411 647 553 707 nativitati
576 646 698 706 Christi:
724 652 793 707 tunc
814 645 889 706 enim
909 646 995 704 etiam
1011 641 1128 725 ἐφάνη,
1157 647 1305 725 apparuit,
1328 667 1393 706 ma-
1510 704 1511 711 ,

293 736 366 794 xime
380 732 540 813 pastoribus
561 737 615 791 etc.
656 737 765 790 veteres
782 733 803 793 6
815 730 938 789 Ianuarii
954 730 1109 790 celebrasse
1129 732 1254 790 natalem
1276 733 1394 810 domini,
1426 741 1430 749 '
1510 744 1511 799 ξ

294 825 325 878 et
338 820 402 888 ideo
419 819 491 877 diem
505 815 584 876 illum
598 815 635 876 ob
657 822 755 875 natum
780 816 885 874 scilicet
913 815 1057 874 Christum
1078 815 1189 875 dictum
1212 816 1392 896 epiphaniam
1510 814 1511 891 ξ

291 924 343 964 seu
360 903 568 983 theophaniam.
609 906 640 960 et
653 902 746 961 adfert
766 900 874 977 aliquot
887 900 1063 985 testimonia,
1083 917 1205 976 qnorum
1221 901 1328 960 nnhum
1347 908 1393 962 est

292 991 332 1050 ad
354 997 435 1048 rems
474 1007 556 1047 nemo
577 992 666 1064 negat
688 985 876 1066 theophaniae
897 1003 949 1044 seu
974 986 1142 1065 epiphaniae
1173 987 1392 1066 appellationem
1510 998 1511 1057 ξ

292 1075 377 1134 etiam
399 1073 540 1132 nativitati
562 1072 647 1132 tribui
669 1090 770 1151 posse:
792 1076 860 1130 tunc
875 1071 949 1129 enim
965 1071 1098 1150 apparuit
1111 1073 1239 1130 dominus
1253 1072 1393 1130 interho·
1510 1102 1511 1123 2

292 1161 383 1220 mines
399 1165 430 1217 et
443 1164 572 1238 pastores
587 1159 667 1216 adse
686 1156 773 1216 traxit
787 1161 842 1228 ,etc
873 1160 903 1213 et
923 1156 953 1213 in
975 1157 1062 1214 missa
1083 1154 1165 1214 huius
1188 1157 1255 1214 festi
1273 1156 1392 1233 legitur:
1510 1192 1511 1247 p

295 1242 677 1322 apparuitgrotiasulootorts
694 1243 779 1300 nostri
794 1248 847 1299 etc
888 1242 940 1299 sed
956 1240 1165 1300 videndumhic
1179 1242 1250 1316 quid
1262 1262 1329 1300 usus
1346 1261 1394 1300 ec»
1510 1250 1511 1313 l

295 1329 465 1388 clesiasticus
483 1329 572 1399 ferat3
595 1327 643 1402 qui
660 1332 704 1385 est
718 1332 747 1383 et
759 1327 813 1384 suit
832 1330 864 1382 ut
875 1325 1004 1384 absolute
1016 1324 1159 1400 loquendo
1180 1327 1239 1384 dies
1254 1331 1274 1392 6
1290 1326 1394 1385 Ianua-

294 1415 329 1473 rii
346 1415 484 1476 diceretur
495 1411 659 1492 epiphania‚
678 1413 764 1486 idque
780 1416 899 1489 propter
914 1416 972 1470 tres
990 1430 1089 1469 causas
1109 1411 1189 1469 initio
1201 1412 1318 1490 dictas,
1339 1412 1393 1470 etsi

298 1499 345 1557 alii
357 1499 426 1556 alias
444 1516 542 1556 causas
557 1498 648 1574 magis
667 1496 862 1555 attendebant
903 1502 934 1554 et
950 1497 1034 1575 pauci
1049 1502 1132 1554 erant
1145 1497 1202 1581 qui
1208 1497 1331 1555 natalem
1341 1499 1394 1556 do-
1510 1488 1511 1533 l

297 1584 366 1644 mini
385 1582 557 1642 celebrarent
575 1583 620 1640 die
642 1585 662 1645 6
681 1580 819 1655 Ianuarii;
840 1585 870 1638 et
891 1582 950 1638 fere
968 1582 1042 1640 intra
1057 1580 1306 1660 Aegyptum-haec
1326 1601 1394 1641 con·
1510 1652 1511 1661 χ

299 1669 420 1728 suetudo
436 1667 677 1745 mordebatur,
698 1672 732 1726 ut
748 1671 795 1724 est
809 1666 889 1745 apud
902 1666 1071 1723 Cassianum
1082 1667 1185 1726 Collat
1199 1668 1240 1728 10
1257 1671 1285 1729 2
1327 1688 1394 1746 pro-
1466 1686 1469 1699 ·

231 1777 234 1790 ’
298 1755 355 1814 fert
376 1751 560 1812 Casaubonus
580 1752 673 1812 locum
691 1769 726 1810 ex
746 1751 873 1810 oratione
892 1751 1086 1828 chrysostomi
1104 1752 1135 1810 in
1152 1752 1276 1811 natalem
1290 1753 1394 1812 domini

299 1844 367 1897 tom.
385 1838 404 1902 5
418 1837 569 1896 Savilliano
584 1859 613 1917 p.
625 1837 704 1913 511,
725 1837 773 1894 ubi
790 1837 858 1894 dicit
876 1839 927 1895 nic
947 1836 1179 1896 decimumomm
1193 1842 1258 1914 ogi,
1277 1859 1337 1897 cum
1352 1858 1394 1896 ec.

300 1922 397 1995 closis,
418 1927 447 1982 in
464 1943 516 2000 qno
530 1924 599 1982 bunc
615 1926 757 1980 orationem
773 1921 860 1995 delcit,
881 1922 984 2000 sectatos
1008 1923 1110 1980 natots'o
1135 1923 1265 1981 cdetrore
1283 1926 1395 2002 coeperit
1510 1980 1511 1985 ,

299 2007 418 2086 diemque
431 2012 585 2068 nativitatis
597 2011 754 2084 component.
795 2008 848 2064 sed
867 2006 957 2064 oratio
978 2005 1047 2064 haec
1057 2026 1117 2064 non
1132 2013 1177 2066 est
1189 2008 1392 2084 Chrysostomi.

299 2099 382 2174 patet
396 2091 427 2172 1)
444 2111 478 2151 ex
489 2091 580 2171 stylo,
598 2095 634 2169 2)
649 2092 716 2167 quie
731 2091 816 2171 Cpoli
830 2097 897 2149 ante
912 2092 942 2149 S.
957 2091 1190 2168 Chrysostomum
1204 2095 1308 2152 festum
1320 2094 1393 2152 nati·
1510 2154 1511 2175 χ

209 2219 211 2224 .
298 2179 395 2238 vitatis
410 2178 560 2255 agebatur,
585 2183 617 2235 ut
640 2183 722 2256 petet
738 2195 773 2236 ex
791 2177 917 2235 oratione
936 2174 1109 2235 Nazianzeni
1124 2178 1154 2235 in
1167 2179 1283 2238 notulam
1296 2179 1396 2239 domiai
1510 2190 1511 2251 j

299 2269 331 2322 et
348 2282 383 2322 ex
404 2261 458 2320 alia
476 2265 505 2321 in
519 2263 587 2320 diem
602 2262 737 2320 luminum.
780 2258 827 2342 3),
837 2262 904 2337 quia
922 2261 984 2339 ipse
997 2268 1095 2321 auctor
1111 2262 1194 2321 huius
1205 2264 1334 2323 homiliae
1351 2265 1395 2322 di·

299 2348 338 2406 cit
359 2347 483 2406 natalem
500 2346 669 2405 celebratum
692 2351 722 2404 et
741 2347 886 2423 cognitum
907 2347 995 2405 tuisse
1015 2347 1171 2406 aThracia
1187 2369 1277 2424 usque
1290 2350 1396 2408 Gades.

298 2437 331 2490 st
352 2431 450 2508 Cpolis
474 2435 520 2488 est
544 2432 574 2488 in
599 2429 729 2489 Thracia
770 2449 865 2506 neque
888 2431 943 2490 alia
964 2433 1131 2510 epiphaniae
1153 2434 1207 2491 fuit
1224 2437 1297 2494 ratio
1313 2439 1333 2500 6
1351 2435 1396 2494 Ia·
1510 2426 1511 2431 ἵ

299 2516 391 2574 nuarii
406 2533 490 2591 quam
504 2533 580 2574 nuuc
594 2516 648 2592 sit,
668 2515 722 2572 nisi
736 2517 815 2592 apud
829 2534 936 2594 paucos
948 2535 1055 2594 eosque
1077 2519 1137 2577 fere
1154 2517 1330 2599 Aegyptios,
1348 2519 1396 2599 qni

299 2601 423 2660 natalem
443 2601 547 2658 domini
563 2604 583 2665 6
598 2599 720 2660 Ianuarii
733 2600 859 2658 obibant
1377 2596 1381 2602 ’

384 2685 553 2764 Appellatur
573 2687 672 2744 eadem
693 2685 861 2764 epiphaniae
884 2684 1037 2744 solennitas
1050 2685 1152 2765 festum
1174 2685 1315 2763 landrum,
1335 2692 1396 2747 tum

301 2771 338 2830 ob
351 2765 539 2851 baptismum,
561 2776 621 2829 tum
639 2770 705 2846 quia
721 2770 875 2829 Christiani
889 2772 963 2829 diem
984 2771 1060 2830 hunc
1075 2774 1198 2831 accensis
1218 2776 1304 2832 cereis
1326 2772 1396 2832 cele·

300 2857 383 2916 brare
398 2862 610 2915 consueverunt.
651 2857 693 2914 ita
704 2855 802 2914 Billius
815 2863 912 2917 annot
934 2859 975 2915 ad
997 2863 1069 2917 orat.
1090 2859 1121 2915 in
1142 2859 1249 2917 Sancta
1267 2857 1396 2936 himma,

301 2950 332 3000 et
349 2942 487 3000 Batonius
505 2945 542 3001 ad
565 2940 748 3020 Martyrolog.
768 2940 851 3000 Rom.
866 2945 886 3003 6
900 2941 960 3001 Ian.
1002 2944 1056 3000 sed
1069 2943 1177 3002 exstitit
1190 2945 1234 3002 cui
1248 2943 1319 3002 haec
1336 2945 1397 3023 opi·
1510 3014 1511 3019 η

300 3027 349 3084 nio
363 3027 483 3086 Billiana
500 3033 530 3086 et
550 3027 710 3086 Baroniana
729 3046 788 3086 uon
806 3026 931 3107 placeres
946 3033 1083 3103 tanquam
1100 3029 1186 3106 longe
1204 3049 1221 3086 a
1240 3048 1309 3087 vero
1328 3027 1394 3087 aiis

302 3113 372 3187 quid
396 3117 441 3172 est
462 3132 530 3188 ergo
543 3114 650 3171 festum
661 3111 796 3170 luminum
807 3114 833 3170 si
848 3131 907 3172 non
923 3113 1090 3191 epiphaniae
1102 3134 1153 3172 seu
1168 3115 1302 3193 baptismi
1316 3115 1397 3172 Chri·
1510 3180 1511 3183 Ἴ

301 3195 362 3254 stit
396 3199 556 3274 respondet
569 3217 630 3256 esse
648 3199 752 3256 festum
766 3217 823 3273 quo
838 3199 988 3274 quotannis
1006 3199 1158 3257 Christiani
1185 3200 1397 3278 baptismatisa

301 3300 333 3340 se
348 3281 473 3362 suscepti
492 3283 652 3342 memoriam
666 3283 834 3342 recolebant.
874 3284 905 3340 id
920 3284 1027 3361 probat
1042 3303 1078 3342 ex
1095 3285 1221 3343 oratione
1239 3287 1396 3360 quadrage·
1510 3344 1511 3349 χ

301 3368 373 3426 mma
387 3367 579 3445 Nonianum,
600 3375 734 3444 quaeest
748 3369 778 3427 in
795 3387 898 3426 merum
916 3371 1089 3446 baptistarum
1109 3371 1157 3426 ubi
1177 3371 1207 3426 in
1227 3370 1289 3446 ipso
1301 3371 1397 3427 statim

301 3453 417 3510 exordio
443 3453 500 3511 ista
523 3452 668 3529 leguntur:
696 3454 753 3513 leri
773 3453 936 3532 splendidum
958 3453 1084 3512 hminum
1104 3455 1172 3514 diem
1195 3454 1398 3523 aelemosinam

304 3538 419 3595 satutem
433 3540 501 3598 enim
524 3543 645 3596 nostrast
666 3538 771 3596 laetitia
791 3542 914 3616 prosequi
936 3540 1117 3612 conveniebat,
1146 3559 1181 3596 oc
1196 3539 1279 3597 multo
1296 3540 1397 3618 paidos

302 3624 392 3696 magis
414 3639 493 3698 quam
514 3625 604 3680 carnis
628 3626 710 3680 anto
732 3623 789 3681 dics
812 3643 854 3680 cos
876 3627 1015 3701 quotam
1031 3624 1269 3701 celebrantquibua
1282 3627 1326 3683 net
1340 3627 1401 3683 acti

304 3706 349 3764 ael
367 3709 532 3765 matrimonio
548 3709 636 3766 abacti
655 3711 734 3780 suot,
763 3706 804 3764 oet
819 3727 909 3766 nomen
924 3714 1095 3786 occeperunt,
1119 3709 1162 3767 ool
1183 3715 1251 3768 certe
1269 3712 1341 3768 inter
1352 3713 1398 3768 iu-

303 3809 382 3852 venes
396 3795 493 3852 cantas·
506 3797 656 3870 mosot,
679 3791 721 3852 cel
737 3795 821 3852 uaso
839 3793 953 3870 ubuum
971 3796 1058 3869 priato
1073 3794 1252 3868 incolum,
1272 3794 1317 3852 ool
1334 3814 1399 3871 pua-

304 3893 407 3954 cuoquc
427 3877 530 3936 mam
552 3879 610 3940 otto
637 3877 772 3938 decom
800 3879 924 3938 nortales
943 3877 1045 3956 sonem
1061 3877 1238 3956 &bongart
1279 3879 1355 3940 lodie
1368 3878 1400 3937 dc

304 3961 434 4039 baptism
450 3967 476 4020 et
494 3961 617 4040 beneficio
629 3963 690 4022 linc
707 3968 813 4042 accepto
829 3965 868 4026 od
884 3983 933 4022 oss
945 3969 1071 4024 mimate
1081 3964 1246 4027 iissem
1286 3983 1322 4024 ex
1339 3965 1401 4040 qui-

304 4043 359 4110 tas
376 4046 470 4106 verbis
488 4045 594 4123 colligit
605 4047 705 4124 sotim
727 4049 855 4108 aaron
872 4047 941 4108 nihil
962 4048 1040 4108 ahud
1056 4049 1144 4108 finisse
1164 4067 1249 4124 quam
1269 4049 1400 4130 baptismi

303 4133 341 4190 ab
364 4150 536 4210 unoquoque
555 4133 680 4212 sarsoepti
704 4134 1000 4194 commemorationem.
1053 4136 1105 4194 sed
1136 4135 1310 4213 persuasioni
1338 4135 1401 4193 huic

306 4218 454 4279 manifeste
476 4219 573 4282 obstat
594 4219 625 4278 in
648 4217 744 4296 primis
768 4219 890 4299 ipsemet
902 4219 1118 4296 Nazianzenus,
1136 4220 1185 4295 qni
1199 4220 1305 4279 festum
1323 4219 1403 4279 lumi-

307 4320 376 4362 num
411 4309 509 4386 aperte
531 4305 658 4366 nominat
683 4304 789 4366 festum
811 4305 990 4385 baptismatis
1015 4305 1123 4366 Christi
1150 4323 1202 4366 sea
1225 4305 1402 4390 epiphaniae,

859 4462 865 4500 l
