3092 4942
478 300 485 307 ’
555 332 603 406 ai
621 332 771 405 ronna
793 334 879 406 our.
902 333 945 407 n
1219 338 1294 409 ror
1358 315 1362 327 ’

193 517 223 581 p
247 499 307 565 123
327 502 359 561 et
378 496 450 567 284.
490 498 635 581 Xylander
666 502 697 563 in
723 502 800 565 notis
819 502 857 562 ad
877 500 1038 565 Cedrennm
1064 518 1140 565 aum.
1166 504 1228 569 196
1252 506 1297 565 in-

190 604 286 664 genue
316 586 422 646 fatetur
451 604 485 653 re
516 589 624 648 nescire
650 589 719 668 quid
745 588 786 648 uit
811 588 926 649 canent
947 588 1077 667 difflatas.
1118 588 1297 669 Nicephorum

192 670 337 751 Gregores
362 670 411 731 lib.
441 676 480 737 7:
508 679 568 733 erat
595 679 651 733 tun
676 679 835 755 nocurutcr
855 678 1019 751 negotiorum
1040 678 1147 753 inperii
1165 680 1209 735 oir
1226 696 1296 756 pru-

190 757 255 817 ten
272 763 300 816 et
329 757 361 816 ob
386 754 547 819 irrdurtrian
574 764 601 817 et
626 759 786 838 reipublicae
814 760 947 837 gerendae
974 762 1113 819 erientiam
1142 762 1298 841 inperatori

191 861 288 917 curra,
321 840 392 901 unde
418 847 445 901 et
468 848 628 903 aucton‘tate
653 848 679 901 et
707 844 800 923 opibur
824 843 957 923 pollebat,
989 840 1156 922 Nicepboruu
1186 846 1298 911 conictu‘i

186 926 351 1008 praefectur.
391 927 542 987 irblendiu
561 926 720 987 rennunibuu
740 934 766 988 et
786 929 915 1008 obrepuiiu
937 928 1222 1007 lenitateinpcrotcn'r
1234 950 1297 991 caru·

190 1010 287 1072 cilina
303 1014 376 1093 petit
393 1017 421 1072 et
440 1016 541 1093 acepit
559 1031 685 1091 genenrn
697 1012 792 1093 filiun
811 1016 869 1074 erue
887 1010 1028 1093 Ioannou,
1053 1014 1211 1091 indignante
1233 1020 1295 1095 qai·

189 1096 248 1156 den
267 1101 294 1155 et
313 1096 469 1177 refragante
490 1102 671 1177 inperatrice,
701 1098 748 1159 red
774 1104 864 1159 tanen
882 1103 992 1179 aceepit.
1034 1100 1071 1159 de
1090 1100 1190 1160 eodem
1209 1100 1295 1161 Nice-

188 1181 281 1261 phoro
309 1180 423 1242 caniciei
447 1184 590 1263 praefecto
617 1183 835 1243 Cantecuzenus
867 1186 883 1246 1
909 1182 964 1251 14:
996 1185 1029 1245 de
1057 1192 1150 1245 uentu
1168 1186 1294 1267 potatino

184 1272 337 1349 praesenter
353 1267 467 1327 aderm
486 1287 603 1345 brugnus
621 1268 756 1347 logotheta
779 1266 953 1345 Menekine,
977 1273 1054 1329 cuiue
1074 1276 1155 1331 antea
1175 1275 1294 1333 nemini-

186 1370 261 1427 ruur,
290 1358 317 1411 et
339 1351 505 1433 rennuens
525 1357 574 1433 qui
593 1354 709 1415 cantabo
724 1362 851 1435 praeerat
871 1362 897 1415 et
915 1355 977 1415 orbi
995 1355 1108 1429 rotabat,
1137 1357 1296 1435 odnu'rubili

186 1426 328 1518 rapientia*
340 1439 498 1517 concilioque
521 1438 679 1518 praedatur,
705 1446 734 1499 et
754 1440 789 1499 ub
809 1444 966 1521 inperatore
986 1441 1163 1501 benevolentia
1182 1440 1292 1501 bonore-

186 1542 236 1603 pue
255 1522 393 1601 ungulari
407 1523 554 1600 dignatur,
576 1528 620 1584 ita
641 1530 674 1583 ut
694 1529 775 1585 etian
788 1521 890 1585 Irenen
903 1526 997 1607 fitian
1018 1530 1074 1585 ciue
1087 1523 1185 1585 Ioanni
1196 1528 1289 1605 despo-

184 1613 231 1667 tae
249 1608 314 1686 filio
333 1628 382 1667 ruo
403 1610 503 1687 nuptiis
531 1612 710 1687 coniurrgeret.
753 1610 797 1669 bic
825 1608 991 1691 Nicepborur
1015 1614 1093 1691 prius
1121 1614 1288 1691 imperatorie

185 1693 327 1752 dcrueetr'ca
354 1692 579 1753 annuntiatore
611 1700 669 1755 turn
700 1700 790 1756 auten
813 1696 941 1775 podagra
962 1699 1132 1775 conflictatur
1147 1696 1289 1775 sanctione

183 1778 235 1838 an
254 1779 368 1840 abierat
410 1778 581 1840 nibr'teninur
605 1798 705 1841 cunno
723 1798 783 1842 eun
802 1778 897 1842 bonore
917 1783 1059 1861 inperator
1074 1782 1290 1860 prosequebatur.

265 1895 311 1957 Ex
329 1896 385 1957 boc
404 1901 434 1956 et
449 1894 593 1977 praedicto
614 1896 759 1976 Gregorae
778 1892 842 1959 loeo
861 1897 994 1977 intelligis
1014 1916 1102 1975 quare
1128 1900 1290 1977 praefectur

183 1980 296 2041 canielei
318 2001 436 2041 consocer
456 1982 633 2061 imperatoris
653 1983 857 2064 appellaretur;
879 1986 947 2063 quia
969 1990 1050 2043 tanta
1070 1990 1131 2043 erat
1151 1984 1220 2043 haec
1241 1986 1286 2043 di-

181 2068 278 2145 gaitae
284 2108 295 2144 ‚
329 2071 364 2126 ut
384 2069 542 2147 praefectus
563 2068 677 2130 ceniclei
692 2076 792 2149 posset
807 2069 864 2129 filio
885 2090 938 2130 suo
958 2072 1109 2149 impetrare
1129 2068 1213 2129 filiam
1232 2069 1286 2129 im-

182 2150 321 2231 peratoris
342 2157 372 2209 et
391 2152 464 2211 filiae
483 2151 577 2213 filiun
619 2154 686 2215 hinc
713 2154 941 2235 capnirbepoe:
967 2174 1033 2216 nam
1061 2156 1221 2234 praefectus
1238 2174 1287 2215 ea-

180 2237 263 2296 niclei
283 2256 302 2297 a
321 2234 377 2296 filia
394 2237 586 2316 imperatoris,
607 2240 633 2299 ei
653 2245 744 2318 nupta
762 2240 821 2301 tilio
841 2246 934 2318 esset,
954 2240 1108 2301 vocabatur
1127 2259 1224 2318 socer,
1254 2244 1288 2301 et

180 2322 334 2401 imperator
353 2340 372 2380 a
391 2319 447 2379 filia
466 2324 602 2401 praetecti
620 2325 733 2385 caniclei
758 2328 851 2386 'socen
893 2327 970 2386 idem
989 2328 1095 2385 facturn
1116 2327 1231 2402 quando
1252 2326 1286 2386 fi-

179 2406 236 2470 lius
254 2407 434 2487 imperatorie
453 2407 484 2467 in
503 2409 681 2469 matrimonio
701 2408 824 2471 habebat
842 2410 928 2472 filiam
947 2411 1082 2491 prefecti
1103 2411 1233 2471 canieleo.

264 2524 346 2587 Idem
366 2525 582 2585 Cantacuzenur
600 2525 622 2590 4
639 2527 698 2593 40:
730 2526 909 2607 Potaeotogur
926 2531 1073 2609 praesidem
1094 2530 1209 2588 caniciei
1225 2529 1286 2589 dn-

178 2612 269 2691 getuur
286 2612 405 2689 tegatun
424 2615 517 2673 mittit.
559 2611 675 2673 moene
694 2613 849 2675 choniates
871 2613 918 2673 lib.
935 2616 954 2679 1
974 2613 1104 2673 derebus
1119 2614 1207 2692 gestia
1221 2612 1285 2672 Ma*

177 2696 270 2758 nuelie
291 2694 443 2775 comneni,
466 2698 503 2757 de
517 2698 671 2777 Styppiota
683 2718 786 2775 egens:
807 2699 913 2760 tandem
933 2698 970 2757 ad
986 2697 1100 2758 caniciei
1112 2700 1285 2776 nagnsseun

178 2802 275 2843 nunus
294 2788 321 2841 ct
341 2784 463 2842 intinun
487 2787 568 2844 etian
590 2788 756 2864 inperatoris
774 2784 995 2863 sanation‘toten
1021 2788 1169 2862 pronotun
1193 2786 1284 2859 nugis

177 2872 259 2928 etiarn
279 2866 388 2932 antidit.
409 2867 482 2926 banc
504 2874 599 2928 tamen
614 2867 905 2947 tentam'dignitatern
923 2887 975 2927 sna
992 2867 1154 2945 granditate
1169 2867 1284 2925 inferio-

176 2972 238 3013 rem
251 2953 332 3011 duxit
347 2952 552 3013 contantinus
564 2951 800 3033 Mesopotamita,
821 2950 855 3013 ut
868 2952 939 3013 libro
953 2956 975 3015 2
993 2953 1030 3012 de
1042 2951 1141 3011 Alexio
1159 2952 1283 3010 Comne-

175 3058 216 3099 no
226 3038 324 3097 scribit
334 3038 410 3096 idem
421 3036 552 3097 Nicetes:
572 3039 688 3098 caniciei
699 3040 838 3119 offic-iun,
857 3038 967 3115 inquit,
984 3037 1063 3117 &quod
1081 3036 1177 3095 lenaeo
1196 3040 1282 3115 inpe-

176 3131 255 3184 rante
272 3124 438 3195 obtinuerat,
457 3128 484 3183 ei
501 3143 594 3183 rurruu
608 3124 783 3200 offerebatur,
804 3131 835 3183 ut
853 3144 902 3181 uuo
918 3122 1038 3200 fastigio
1054 3122 1171 3202 insertur
1180 3126 1280 3182 renuit.

176 3208 318 3285 Georgius
338 3206 485 3285 logotheta
505 3207 670 3287 Acropolite
693 3209 725 3269 in
747 3208 877 3269 chrodco
903 3206 1073 3287 Cpotitano,
1099 3226 1158 3268 non
1181 3206 1281 3287 procul

175 3294 282 3353 atine:
302 3296 377 3352 nisit
392 3298 531 3373 inperator
545 3294 583 3355 ad
596 3314 683 3371 regen
700 3295 816 3355 Siciliae
830 3300 969 3373 apostatae
987 3308 1111 3371 generum
1126 3312 1174 3373 per
1192 3290 1281 3351 Nice-

172 3380 285 3458 pborun
303 3378 464 3450 cancteun3
491 3380 540 3439 ubi
558 3381 620 3459 ipse
636 3378 758 3440 canicleo
779 3381 939 3461 praefectus
957 3379 1091 3441 caniciem
1109 3376 1280 3459 appellatur,

174 3471 208 3522 nt
217 3470 248 3523 et
260 3463 492 3542 indisputabone
510 3465 657 3543 Gregentii
671 3466 858 3529 narrabetoou.
998 3470 1003 3479 ’

258 3581 380 3643 Duravit
391 3582 461 3641 haec
474 3584 598 3661 dignitas
614 3583 653 3643 ad
668 3583 777 3662 imperii
791 3582 936 3663 cpolitani
953 3585 1077 3641 extrema
1095 3598 1187 3657 usque
1207 3586 1280 3640 tem-

167 3686 252 3745 pora
294 3666 480 3745 Paiaeologrn
493 3671 570 3747 apud
586 3669 745 3729 Phranzem
757 3674 779 3733 2
794 3674 850 3735 17:
872 3670 941 3729 duci
959 3688 1011 3745 ego
1030 3682 1137 3725 uxoren
1150 3664 1281 3727 Helenam

165 3753 260 3831 fitium
269 3754 363 3812 Atecii
375 3753 533 3830 Pataeotogr‘
542 3754 764 3835 Eamploccru’r,
781 3757 831 3833 pai
843 3754 960 3813 cnuicteo
969 3756 1102 3831 praeerat.
1130 3750 1161 3812 in
1181 3751 1281 3831 dispu-

172 3839 281 3897 tatione
292 3838 439 3917 Gregentii
447 3840 617 3917 imperator:
635 3840 729 3899 Erbue
741 3858 792 3899 reu
805 3839 942 3898 Herbano
951 3838 1079 3915 patrinae
1088 3855 1136 3899 reu
1145 3844 1279 3915 ruuceptor

171 3926 202 3983 in
211 3925 341 4003 bcptrbno
351 3926 451 4005 factae
463 3923 563 3985 leona
575 3930 668 3985 nonen
677 3928 820 4005 inposuit,
842 3928 868 3983 et
881 3922 1100 4003 bppecotertonen
1114 3919 1280 3999 (baranin-

172 4009 272 4085 aioun)
292 4027 352 4067 can
361 4009 448 4088 ficit,
481 4028 557 4088 quern
575 4011 694 4070 Rotnani
716 4012 864 4088 patricium
888 4016 915 4069 et
935 4006 1106 4067 canictionen
1130 4004 1279 4084 appeliant.

171 4094 348 4154 mathaee
360 4095 550 4173 disputatiot
572 4094 739 4158 tssibliotlu
763 4093 896 4171 Petrum,
918 4093 996 4151 ciriae
1017 4090 1162 4152 carrione
1178 4089 1277 4149 Meua

170 4180 230 4237 uiue
250 4181 328 4239 varia
340 4180 564 4259 ‘philosophatur
583 4180 614 4239 in
633 4200 686 4239 auo
704 4178 809 4239 Lenito
827 4199 854 4238 v.
876 4178 1049 4257 Πατρίκιος.
1078 4176 1197 4235 observa
1216 4192 1278 4234 non

170 4283 282 4323 omnem
298 4265 446 4344 patricium
463 4267 550 4325 fuisse
567 4265 763 4342 canidionem,
789 4265 863 4323 sicut
890 4263 959 4323 baec
975 4259 1130 4341 disputatio
1146 4259 1277 4337 Gregen-

168 4350 201 4409 tii
214 4351 353 4413 affirmare
366 4351 495 4435 videtur,
516 4352 583 4432 quia
593 4370 666 4414 unur
679 4349 802 4414 canideo
819 4351 979 4433 praefectur
990 4352 1068 4425 erat,
1087 4343 1273 4407 nutrientem
