3092 4942
561 327 768 396 GRETSERI
804 326 1074 396 Pnoossnfflut.
1308 327 1356 394 'rx

251 535 351 592 nactura
372 525 468 588 Iunius
491 545 509 586 a
528 525 701 602 Marquardo
720 525 844 587 Frebero
862 527 1016 606 integriora
1034 523 1216 606 acupicta,
1239 528 1356 590 adiectis

251 632 338 714 priori
362 629 478 689 editioni
500 627 609 704 aliquot
635 628 770 706 pagellis,
801 628 903 705 quibus
923 628 1037 688 lacunas
1060 629 1355 710 nonnullasexplevit,

251 751 354 794 nomen
373 749 456 790 suum
477 731 620 808 professus
641 736 695 807 est,
715 731 916 806 Codinumque
932 730 1055 790 Frehero
1067 731 1227 813 inscripsit,
1260 732 1301 792 ita
1322 739 1356 792 ut

252 833 424 914 Curopulata
443 833 499 890 iam
523 830 614 888 tribus
635 831 762 909 patronis
785 832 907 910 stipatus
928 832 957 889 in
976 831 1119 910 publicum
1137 835 1253 894 venerit
1297 855 1356 896 me·

250 939 305 998 rito
321 941 415 996 mmeu
431 933 586 1012 culpandus
608 938 653 990 est
670 933 784 1011 Iunius,
816 936 895 1009 qnod
914 952 1016 992 novam
1036 934 1186 994 editionem
1199 952 1258 995 non
1271 938 1356 996 ador·

250 1039 325 1098 narit
340 1044 371 1097 et
391 1057 409 1096 a
430 1055 462 1094 se
483 1034 566 1112 pleno
584 1053 665 1094 sacco
685 1054 801 1113 sparsos
815 1053 925 1094 errores
944 1052 1003 1092 non
1017 1037 1167 1096 correxerit
1180 1038 1293 1098 adiutus
1308 1058 1356 1098 eo·

251 1140 358 1199 dicibus
379 1136 564 1196 bibliothecae
578 1135 722 1195 Palatinae
741 1142 771 1195 et
794 1134 947 1215 Rapbadlis
968 1137 1067 1196 Seileri
1085 1139 1252 1219 exemplari,
1276 1141 1356 1217 quod

250 1249 312 1302 erat
324 1240 519 1320 apographum
533 1241 631 1320 optimi
636 1239 748 1303 codicis
761 1234 936 1316 Augustani:
956 1257 1023 1298 nam
1036 1240 1179 1300 Codinum
1190 1240 1256 1300 olim
1268 1242 1355 1300 inisse

138 1355 142 1362 '
249 1345 280 1402 in
303 1342 472 1404 bibliotheca
491 1341 612 1418 inclytae
632 1341 673 1400 rei
693 1338 821 1418 publicae
839 1337 1024 1418 Augustanae
1054 1343 1137 1402 testie
1166 1347 1212 1403 est
1236 1343 1355 1404 wolfius

250 1447 422 1524 praefatione
441 1446 479 1504 ad
503 1441 633 1502 Nicetam
654 1447 684 1500 et
701 1442 763 1520 ipse
777 1442 918 1522 Seilerns,
942 1444 992 1521 qui
1004 1443 1071 1502 inde
1084 1443 1192 1504 Graece
1205 1446 1354 1524 descripsit

249 1555 280 1607 et
293 1547 396 1608 Latine
412 1546 516 1622 vertit,
540 1545 653 1603 tametd
673 1544 829 1605 versionem
847 1565 928 1604 suam
946 1545 977 1604 in
997 1545 1099 1623 vulgus
1119 1546 1354 1624 exirenunquam

250 1650 381 1728 permisit
424 1649 486 1707 dico
501 1646 567 1706 olim
580 1647 682 1720 titisse:
702 1647 758 1706 iam
771 1649 847 1708 enim
868 1668 927 1707 uon
944 1655 1003 1728 est,
1030 1650 1084 1709 sed
1100 1648 1218 1710 am‘nsus
1232 1655 1294 1728 est,
1319 1656 1354 1709 ut

240 1730 314 1810 'ante
334 1752 443 1827 aliquot
469 1735 570 1806 annos·
590 1767 624 1806 ex
640 1748 811 1825 amplissimo
835 1750 958 1809 domino·
973 1749 1072 1811 Meo
1092 1751 1221 1812 Welsero
1235 1752 1265 1811 Π
1293 1751 1354 1810 viro

248 1851 416 1930 Argustana
443 1849 581 1910 intellexi:
612 1850 737 1908 nescitur
756 1852 835 1924 cuius
853 1851 1026 1930 negligentia
1053 1854 1099 1913 vel
1117 1854 1217 1914 fraude
1231 1853 1354 1932 perierit.

247 1959 293 2012 tot
317 1973 387 2032 ergo
411 1952 543 2012 subsidiis
560 1951 854 2033 maurusiorum,
878 1955 1044 2033 praesertim
1062 1955 1246 2014 translatione
1265 1952 1356 2012 Selle-

204 2129 213 2145 .
245 2055 350 2132 riano,
363 2055 485 2114 debebat
500 2054 677 2116 Codiuuma
697 2053 791 2130 capite
813 2055 851 2112 ad
871 2055 974 2113 calcem
993 2073 1210 2132 recognoscere,
1234 2053 1355 2132 plurima

247 2162 277 2214 et
296 2158 461 2234 gravissima
490 2160 594 2219 menda
622 2158 792 2234 emendare,
833 2154 992 2234 librumque
1018 2157 1056 2216 ab
1078 2156 1218 2216 erroribus
1237 2155 1355 2214 liberum

246 2256 344 2318 lectori
371 2267 544 2338 proponere?
579 2279 677 2320 verum
701 2259 771 2318 nibil
794 2258 896 2320 borum
918 2261 1080 2340 praestitit,
1114 2259 1170 2320 uici
1192 2258 1289 2336 quod,
1321 2261 1356 2316 ut

247 2365 333 2418 antea
356 2361 472 2441 dietum,
494 2363 628 2442 pauculas
652 2361 901 2441 paqellaspdmae
919 2382 952 2422 ac
966 2363 1196 2424 mendosissimae
1211 2379 1280 2421 suae
1295 2359 1356 2418 edi·

248 2463 319 2522 tioui
339 2464 443 2541 assuit,
468 2472 578 2526 mutato
598 2465 700 2543 titulo,
729 2463 828 2538 addito
852 2484 926 2524 novo
946 2473 1068 2546 patrono
1090 2466 1282 2544 appositaque
1301 2479 1356 2520 auo

248 2564 368 2624 nomine.
416 2583 473 2644 quo
493 2568 555 2646 ipso
576 2570 670 2630 tirsum
689 2566 840 2626 lectoribus
860 2568 943 2644 iecit,
979 2569 1062 2644 quasi
1080 2586 1184 2628 novum
1204 2566 1356 2625 editionem

248 2672 409 2746 promeret,
432 2687 508 2730 anno
527 2671 619 2749 1596,
645 2689 709 2730 cum
728 2687 788 2728 nou
802 2669 888 2728 fuerit
908 2689 983 2731 nova
1004 2670 1057 2729 sed
1076 2669 1182 2749 prima,
1207 2667 1256 2728 illa
1274 2665 1357 2726 nimi·

248 2788 311 2828 rum
329 2771 393 2848 ipsa
413 2790 489 2848 quae
506 2791 581 2832 anno
605 2771 687 2834 1588
709 2771 862 2850 prodierat

332 2869 379 2930 De
408 2891 473 2933 mea
498 2873 621 2932 editione
649 2879 679 2934 et
708 2873 913 2934 commentariis
939 2892 999 2933 non
1027 2872 1119 2932 babeo
1145 2871 1225 2948 qnod
1254 2869 1354 2927 deam.

249 2989 356 3050 aequos
370 2973 488 3035 lectores
501 2974 604 3035 laboris
617 2975 673 3034 mei
684 2976 805 3038 arbitros
821 2995 885 3036 esse
897 2974 970 3034 volo.
1011 2993 1119 3050 aequos
1131 2974 1262 3049 inquam:
1286 2987 1353 3029 nam

248 3073 359 3150 iniquos
374 3095 434 3136 non
450 3096 552 3136 moror.
594 3078 620 3136 si
644 3079 713 3153 quid
735 3084 875 3138 mumtum
899 3076 957 3152 sit,
983 3075 1061 3134 euius
1084 3075 1156 3134 ratio
1169 3075 1200 3133 in
1213 3089 1354 3134 commen-

248 3177 327 3234 tariis
342 3195 400 3236 non
419 3179 564 3256 redditur,
580 3181 691 3238 noveris
711 3180 741 3238 id
763 3185 814 3241 aut
830 3197 865 3238 ex
882 3178 993 3238 dnobus
1012 3178 1106 3238 Boieis
1119 3184 1150 3237 et
1162 3175 1375 3237 LautberiunoJ
1395 3196 1398 3205 ’

247 3277 389 3336 codicibus
404 3286 454 3339 aut
467 3299 502 3339 ex
516 3281 664 3359 perspicua
677 3281 787 3346 ratione
806 3281 934 3360 petitum
975 3280 1038 3340 vale
1054 3281 1181 3359 feliciter,
1204 3279 1244 3340 mi
1256 3277 1354 3340 lactor,

246 3379 415 3460 lngolstadii
429 3401 503 3444 auno
517 3382 616 3444 salutis
633 3381 723 3448 1620.
