3092 4942
415 321 486 406 131
563 321 775 393 GRETSERI
791 321 847 394 ET
864 319 998 390 aonnl
1013 318 1344 392 COMMENTARIUS

492 490 588 551 Etiam
614 486 734 549 Latinae
760 483 891 550 ecclesiae
924 486 1133 565 protonotarius
1159 487 1278 547 euitatus
1307 485 1378 564 luit,
1403 485 1457 564 qni
1490 492 1526 544 et

411 577 581 655 primicerius
598 573 772 656 notariorum
777 593 786 646 3
810 571 846 632 de
864 589 921 651 qua
936 572 1001 634 vide
1017 571 1238 652 onuphriumia
1254 570 1382 654 explieat.
1412 590 1524 630 vocum

410 663 590 723 obscurarum
610 657 770 718 Ecclesiast

498 774 633 851 Sequitur
655 772 805 848 logotheta,
834 789 920 848 quern
942 771 1058 832 Nicetes
1095 771 1113 832 1.
1143 768 1165 835 1
1202 787 1295 830 rerum
1327 789 1345 830 a
1379 769 1524 829 Manuale

415 865 560 936 gestamm
588 857 699 921 Latinis
724 857 764 918 eit
795 873 857 916 esse
891 858 1097 932 cancellarium,
1130 856 1180 932 qui
1208 874 1226 915 a
1256 856 1377 916 cancellis
1411 874 1525 913 nomen

415 944 520 1022 habet,
553 948 586 1002 ut
619 944 712 1019 ipsum
739 959 842 1001 nomen
869 943 938 1000 satis
960 941 1073 1000 indicat.
1116 946 1174 1000 erat
1209 943 1304 1014 moris,
1333 940 1428 1016 inquit
1461 941 1524 998 Ca-

416 1029 560 1089 saubonus
580 1028 610 1085 in
629 1026 756 1086 Flavium
779 1025 948 1104 Vopiscum,
980 1033 1012 1085 ut
1028 1027 1178 1106 principum
1194 1030 1220 1084 et
1244 1027 1456 1102 magistratuum
1475 1045 1524 1084 ss-

417 1119 491 1177 crela
512 1117 564 1188 (ita
584 1118 713 1171 uocarunt
733 1113 792 1170 loca
808 1111 857 1170 ubi
876 1111 908 1170 de
923 1113 1035 1187 negotiis
1048 1127 1099 1190 pro
1114 1112 1216 1168 ratione
1233 1113 1344 1170 muneris
1356 1113 1467 1187 quisque
1477 1111 1524 1168 sui

417 1200 567 1258 mastaluri
582 1197 781 1272 conveniebant)
796 1201 826 1256 in
847 1196 928 1254 aditu
942 1200 1029 1275 primo
1049 1193 1109 1255 uela
1132 1199 1157 1254 et
1177 1193 1270 1254 danda
1286 1195 1414 1254 cancellos
1436 1195 1522 1254 bale·

417 1288 491 1344 reat:
515 1283 613 1342 Graeci
633 1281 679 1340 lios
700 1286 797 1340 uocant
816 1281 984 1362 κιγκλίδας,
1007 1273 1212 1359 δρυφάκτους,
1242 1284 1274 1348 at
1293 1285 1319 1339 el
1343 1279 1520 1338 Cassiodorus

412 1367 578 1447 fenestratas
597 1368 704 1426 ianuas.
748 1368 795 1443 qai
816 1365 875 1425 uela
900 1366 1061 1440 seruabant,
1080 1363 1179 1422 erlarii
1200 1362 1283 1436 dieti,
1309 1365 1358 1443 qui
1380 1364 1521 1441 cancellos,

416 1451 580 1510 ammalarii.
620 1469 674 1509 nou
694 1470 748 1509 non
763 1449 901 1510 admodum
917 1453 1049 1527 antiqua,
1072 1467 1119 1507 nec
1133 1446 1215 1507 malm
1237 1452 1300 1506 ante
1329 1448 1432 1526 Vopisci
1450 1455 1519 1508 tom-

414 1555 484 1627 pora
504 1540 593 1614 eospla
611 1539 747 1613 usurpari.
790 1535 1005 1595 cancellariorum
1027 1535 1201 1613 praecipuum
1222 1550 1317 1590 munus
1338 1539 1397 1592 crat
1419 1539 1452 1591 nt
1482 1533 1520 1592 ad

418 1619 550 1680 cancellos
569 1619 717 1693 lucrarent,
739 1619 911 1678 admissiones
928 1624 1065 1692 curarent,
1085 1623 1111 1676 sl
1121 1637 1153 1675 no
1169 1617 1235 1694 quid
1250 1616 1395 1691 tumultus,
1415 1620 1521 1696 ntfieri

420 1709 495 1764 amat
507 1708 538 1763 in
555 1700 650 1778 turba,
671 1704 811 1763 audiretur
822 1707 1007 1782 prospicerent.
1049 1701 1211 1760 simillimum
1229 1720 1324 1760 munus
1340 1702 1415 1760 bodie
1429 1705 1458 1762 in
1472 1723 1521 1762 cu·

421 1793 466 1848 riu
485 1808 572 1848 eorum
588 1793 636 1867 qui
655 1792 763 1848 asuarii
779 1789 921 1857 diaunlarr
942 1807 1024 1868 quare
1042 1793 1074 1845 at
1086 1805 1130 1856 re,
1148 1789 1187 1844 sia
1202 1791 1227 1847 et
1238 1791 1340 1845 nomine
1353 1790 1520 1864 conueniunt,

333 1943 336 1950 Ι
422 1873 493 1953 qaod
509 1879 664 1950 acceperunt
678 1875 709 1932 bi
726 1874 761 1932 ab
779 1876 862 1942 ostio,
888 1873 933 1932 illi
950 1893 969 1933 a
990 1871 1114 1933 cancellis
1129 1873 1177 1950 qui
1186 1875 1310 1948 proastio
1323 1876 1407 1930 mant.
1450 1871 1520 1930 haec

423 1956 504 2034 origo
526 1958 662 2034 nominis,
693 1957 771 2034 quod
795 1975 926 2016 successu
943 1957 1076 2035 temporis
1095 1955 1280 2032 amplissimae
1295 1955 1439 2033 dignitatis
1458 1963 1520 2016 tam

423 2043 455 2100 in
471 2042 586 2100 ecclesia
605 2061 690 2118 quarn
709 2043 739 2100 in
761 2060 861 2120 regum
877 2048 907 2102 et
924 2041 1080 2120 principum
1098 2040 1168 2098 aulis
1185 2040 1316 2098 iudicium
1334 2059 1395 2100 esse
1417 2043 1519 2120 coepit

424 2127 489 2186 vide
506 2127 683 2204 Ouuphrimn
696 2127 743 2186 lib.
761 2128 816 2186 iam
831 2127 942 2206 saepius
963 2127 1066 2206 citato,
1085 2131 1116 2186 et
1131 2124 1274 2187 Cuiacium
1287 2125 1317 2184 in
1327 2123 1467 2187 Paeanis
1481 2129 1520 2187 ad

319 2240 323 2252 ·
423 2211 472 2276 lib,
494 2213 591 2275 1cod.
606 2212 769 2272 Iustinianei
781 2212 825 2272 tiu
847 2212 896 2278 51.

510 2314 670 2387 Redeamus
694 2330 732 2386 ad
757 2325 947 2406 logothetam
979 2329 1028 2405 qui
1061 2329 1241 2409 aponendis
1266 2347 1317 2388 seu
1340 2329 1518 2391 discutiendis

425 2411 580 2470 rationibus
618 2414 673 2472 hoc
698 2431 801 2474 nomen
824 2415 917 2476 traxit
959 2415 1024 2474 hirm
1045 2414 1180 2474 discussor
1207 2418 1339 2475 rationum
1361 2434 1380 2473 a
1405 2417 1518 2490 quibus-

338 2547 340 2551 .
425 2496 492 2554 dam
529 2495 699 2574 appellatum
730 2502 761 2556 et
794 2500 867 2558 forte
902 2518 961 2558 non
982 2498 1055 2558 male
1086 2499 1243 2561 rationalem
1270 2501 1428 2578 vocareris,
1463 2502 1518 2563 etsi

425 2581 568 2638 rationalis
584 2581 707 2658 generali
726 2584 841 2641 notione
868 2584 957 2658 quivis
982 2591 1149 2663 procurator
1176 2585 1292 2662 dicitur,
1321 2591 1353 2644 ut
1377 2586 1458 2644 docet
1480 2587 1518 2646 ad

425 2663 619 2743 Lampridium
642 2672 673 2726 et
695 2667 885 2745 Capitolinum
912 2668 1105 2728 casaubonus.
1146 2669 1199 2728 sed
1217 2669 1256 2728 nil
1270 2675 1348 2730 vetat
1365 2669 1518 2746 generalem

425 2750 570 2811 notionem
597 2751 781 2830 restringere,
812 2755 976 2832 praesertim
1006 2774 1069 2812 cum
1090 2754 1218 2812 Codinus
1250 2755 1325 2815 dicat
1348 2754 1520 2831 logothetam

426 2853 490 2893 esse
511 2837 555 2910 εἰς
575 2833 610 2899 sd
626 2841 839 2916 λογογραφεῖν,
868 2839 905 2898 ad
927 2840 1101 2918 consociandos
1121 2844 1147 2898 sl
1164 2840 1318 2898 coalendos
1333 2845 1359 2898 et
1376 2840 1518 2900 discutien-

428 2921 480 2978 das
496 2925 621 2982 rationes.
662 2921 726 2980 talis
741 2923 868 3000 prolecto
886 2943 939 2982 nec
958 2922 1030 2982 male
1050 2943 1102 2994 nec
1127 2923 1247 2983 absurde
1265 2925 1407 2983 rationalis
1424 2925 1519 3002 appel-

427 3002 539 3064 labitur.
581 3005 658 3064 hino·
672 3006 758 3066 etiam
778 3027 837 3066 nou
854 3009 950 3085 inepte
972 3008 1158 3089 appellabitur
1181 3002 1384 3090 λογογράφοςι
1407 3010 1431 3066 si
1446 3011 1520 3069 enim

428 3092 488 3149 eius
506 3097 551 3150 est
573 3096 785 3172 λογογραφεῖν,
815 3113 864 3151 cur
884 3113 942 3152 non
960 3089 1041 3169 mapai
1062 3089 1096 3156 sd
1120 3098 1317 3174 λογογραφεῖν
1337 3092 1520 3171 appellaretur

430 3169 641 3255 λυγογροὶφοςῖ
681 3196 741 3235 nou
763 3177 878 3254 ignauis
898 3197 961 3238 sum
987 3179 1055 3255 quid
1079 3179 1109 3237 in
1129 3179 1223 3237 codice
1238 3177 1406 3238 Iustinianeo
1418 3179 1463 3239 lib.
1481 3184 1520 3242 10

430 3256 487 3320 11
510 3261 546 3317 de
569 3256 752 3341 logograplris'
776 3265 958 3341 decernatur,
995 3270 1027 3322 et
1052 3264 1120 3338 quid
1145 3265 1183 3322 ad
1205 3263 1281 3322 illam
1308 3281 1419 3339 quoque
1431 3262 1520 3340 legem

430 3343 527 3402 tradat
556 3344 699 3404 Calamus:
726 3347 780 3405 sed
801 3367 854 3407 nos
883 3348 1128 3408 ecclesiasticarum
1153 3348 1290 3408 duntaxat
1307 3348 1521 3426 appellationum

432 3427 487 3489 vim
509 3434 540 3487 et
558 3429 694 3506 originem
708 3431 763 3491 hoc
778 3431 840 3492 loco
858 3433 1024 3512 indagamus
1042 3439 1072 3492 et
1087 3452 1139 3511 pro
1152 3433 1256 3492 viribus
1270 3433 1443 3512 explicamus.

502 3557 530 3610 p.
546 3541 565 3596 4
580 3559 608 3625 ρ.
621 3543 663 3596 14.
684 3537 879 3614 dloyodispc]
905 3546 969 3598 haec
987 3545 1020 3599 de
1037 3546 1081 3599 illo
1096 3546 1238 3601 Allatianas
1258 3540 1274 3600 d
1287 3543 1438 3617 topadium
1450 3543 1521 3600 sirco-

434 3611 545 3677 npacoiu
564 3628 618 3679 την
636 3611 757 3696 §utilinga
771 3615 824 3696 pori
835 3609 1004 3702 Ωοῖργγερεόκ,
1025 3614 1075 3668 nal
1090 3615 1122 3698 fi?
1132 3634 1160 3671 τι
1174 3610 1211 3670 aiv
1229 3611 1358 3685 γράφειό
1375 3611 1521 3698 ἀρχιερεῖς,
1539 3677 1540 3680 ¹

432 3679 612 3801 {iiiiii
620 3679 1155 3816 tiibitiniltttlli‘i‘ttit
1162 3681 1523 3808 iii⁰lt⁹ailti⁷''⁶tt⁷‘ti

432 3811 515 3883 σῖγίου
526 3811 684 3898 οξνυιὸοῖρου
694 3813 725 3871 ἐν
735 3769 927 3901 aptissimi,
946 3770 1095 3889 dadonirdo
1106 3823 1158 3875 rori
1174 3823 1367 3877 uuuualuarou‘
1381 3771 1455 3889 1111ρά
1470 3821 1523 3876 τοῦ

434 3901 592 3952 αρχιερεσος.
627 3886 702 3955 quale
712 3888 872 3955 patriarchae
883 3889 988 3958 sigillum
1001 3899 1028 3944 et
1037 3890 1120 3959 qualis
1131 3893 1208 3944 luerit
1218 3893 1273 3944 eius
1285 3891 1443 3962 subscriptio,
1458 3891 1523 3944 haec

434 3951 491 4037 loca
502 3947 533 4005 iu
544 3954 600 4036 pois
611 3952 784 4023 σημειώσεων
794 3953 842 4038 aul
853 3957 1004 4024 σιγιλλίυν,
1021 3978 1052 4012 err
1068 3962 1175 4026 publicis
1187 3963 1363 4044 instrumeptis
1374 3969 1400 4014 et
1408 3962 1521 4046 ¹breuibus

434 4023 770 4159 {tillitn‘l‘ttt't‘
780 4026 1040 4156 imbrii*
1056 4023 1281 4156 iiiiii?
1291 4027 1398 4151 'iii
1416 4034 1524 4148 bimi!

436 4177 506 4225 οητο
517 4157 550 4212 ai
558 4159 607 4213 nul
616 4112 747 4215 eudaldo
756 4113 904 4248 botsssdlba
918 4113 1157 4236 posinuizixiooo
1169 4156 1201 4219 iu
1215 4115 1318 4234 pluere}
1330 4117 1459 4233 §biblos
1467 4115 1524 4233 irio

434 4225 591 4297 daepayluu
601 4225 740 4286 &sucinos
751 4235 893 4298 παλαμοιις
910 4227 1053 4302 φέρουσαν
1068 4229 1118 4286 adu
1133 4230 1231 4301 scipsos
1244 4230 1323 4303 ἡμῶν
1338 4228 1442 4302 'lurotu
1456 4235 1524 4300 Χρι-

436 4293 519 4368 aro'a,
539 4293 571 4354 lu
584 4293 616 4354 di
628 4299 669 4372 spi
684 4291 768 4374 ἐσέρφ
780 4301 928 4372 γράμματα
948 4302 1037 4358 ταῦτα
1053 4298 1217 4374 “Propontis
1232 4296 1300 4378 ils'p
1316 4304 1389 4361 θεοῦ
1404 4297 1524 4375 apscessi-
