3092 4942
516 345 919 424 ascensurorum.
1193 354 1267 447 aas

235 510 345 581 Μῦν.
361 510 386 564 1.
410 507 494 573 τοῦτο
517 509 644 581 plurios]
670 510 699 565 ni
725 511 797 565 iaxta
821 511 932 635 Ιὶιςὶιοο
949 516 1084 585 utrumque
1101 514 1215 569 codicem
1234 512 1269 571 orl

166 574 201 635 cri
222 580 337 651 βλαείοο
354 596 384 632 rc
403 580 515 647 coneris,
539 581 611 633 locus
628 587 764 650 corruptas
780 586 835 635 ets
853 600 912 637 nsns
928 592 1078 653 perseveret
1094 584 1268 654 imperfectus.

235 650 272 706 ib.
289 651 358 706 v.2.
379 595 549 730 gesseramus]
573 650 671 717 virgam
695 666 797 704 auream
823 668 869 705 sen
883 652 1023 723 preprium
1044 653 1145 721 insigne
1161 656 1269 721 gerebat

166 715 227 769 olim
244 734 307 770 eura
320 718 418 786 palatn,
438 733 482 785 qm
500 718 662 786 curopalates
677 720 744 790 apud
763 719 944 776 cassiodorum
963 724 1025 777 Ver.
1042 722 1104 777 752
1122 723 1190 775 illod
1202 742 1267 793 puo-

165 804 216 855 que
239 788 391 851 considera,
414 804 469 853 qno
487 788 686 854 gratificatione
708 791 846 856 tracteris,
871 798 900 843 at
918 808 1001 845 aureo
1026 792 1107 861 uirga
1130 792 1267 847 decoratus

164 856 236 909 esser
251 845 374 924 obsequio
389 871 526 908 commosse
542 862 604 908 oum
618 858 699 925 pedes
712 860 799 927 regios
816 860 916 927 primus
932 863 1047 913 oisleoris
1064 860 1198 926 incedere,
1223 864 1266 915 nel

142 926 208 977 *uti
230 924 286 993 ipso
308 924 451 979 testimonio
472 924 619 978 vicinitatis
640 933 745 979 nostroe
770 943 942 995 agnoscemus
965 929 1016 983 libi
1035 930 1142 999 pelolio
1157 933 1265 983 commi.

164 995 236 1077 sisse.
272 999 300 1045 at
315 993 352 1045 nil
368 1003 478 1075 mentem
495 998 604 1064 occupat
620 1003 667 1046 ent
682 995 871 1077 admirationem
888 1002 973 1080 movet
990 998 1016 1051 in
1034 998 1173 1069 principum
1184 999 1264 1055 curiis

162 1079 213 1115 '¹¹⁵¹
230 1061 583 1200 ulitffl‘iffizssstttr
598 1064 921 1198 'detulilistis
934 1067 1263 1219 delimamus,

161 1199 232 1268 apud
250 1216 312 1268 qnos
330 1199 407 1251 etiam
422 1205 570 1267 argenteam
589 1208 712 1255 monetam
729 1203 842 1272 quinque
857 1204 901 1257 vel
917 1222 963 1257 sex
979 1204 1129 1257 minutorum
1143 1205 1264 1258 denario·

161 1284 220 1321 rnm
236 1269 311 1338 pretii
328 1262 438 1334 circeos
455 1269 489 1320 cb
509 1270 644 1323 eandorem
661 1271 753 1324 dictam
770 1272 873 1325 audien
898 1290 930 1326 ea
954 1278 994 1326 est
1011 1274 1139 1342 quincunx
1155 1274 1264 1327 Franci-

130 1333 225 1402 θυαε,
241 1356 278 1390 ou
293 1338 386 1401 blanc,
401 1337 473 1404 pisce
489 1339 522 1391 de
537 1355 662 1408 monnope
677 1341 801 1406 bloeclee,
817 1341 844 1393 in
860 1358 911 1412 quo
924 1359 1002 1396 snare
1017 1359 1111 1395 sonans
1128 1361 1179 1395 vox
1194 1344 1261 1395 Gal-

161 1406 214 1458 lica
230 1406 256 1457 iu
273 1422 350 1459 sensu
367 1421 423 1458 oum
441 1406 544 1459 Graeca
562 1409 722 1462 concordiam
738 1410 795 1475 init,
816 1416 842 1463 et
855 1411 961 1479 ignarae
979 1410 1070 1463 mentis
1087 1412 1261 1482 asperitatem,

159 1469 271 1541 ἄοπροο
293 1474 365 1543 quasi
388 1492 509 1542 asperum
535 1478 568 1530 ab
590 1480 690 1547 asperis
718 1479 906 1533 characteribus
924 1486 1042 1534 monetae
1057 1479 1148 1535 inustis
1165 1480 1261 1535 dictum

160 1544 355 1609 contendentis,
371 1542 465 1612 arguit.

244 1636 273 1695 p.
283 1618 323 1679 21
334 1634 361 1676 v.
370 1620 399 1679 2.
421 1613 787 1696 avpolrcolusalollemo,
807 1619 976 1694 clientellus,
997 1620 1133 1681 altersub
1155 1620 1259 1695 elter03

159 1719 216 1760 vox
228 1720 263 1759 ex
277 1698 382 1760 Latino
398 1699 534 1761 vocabulo
550 1703 671 1763 detorta.

230 1782 362 1852 Corrupta
384 1799 437 1835 vox
461 1776 519 1835 οἳπό
542 1783 595 1835 cori
622 1783 770 1855 συμβάλλω
794 1787 945 1853 committo,
972 1786 1104 1855 coniunge
1151 1786 1257 1839 commi-

158 1866 225 1905 sceo-
264 1851 354 1904 calami
376 1867 438 1919 ergo
465 1852 612 1905 baculorum
635 1870 691 1907 enm
731 1854 815 1907 uidam
838 1856 938 1909 tortiles
970 1860 1074 1921 essent,
1106 1822 1257 1923 lvrsculrp-

156 1918 239 2043 fisos
256 1914 304 1973 aad
320 1919 547 1989 σχοιοοπλοκίοο,
572 1922 637 1973 adeo
661 1933 690 1975 nt
712 1872 812 1975 lunium
836 1940 901 1992 opus
923 1923 1095 1988 imitarentur,
1119 1922 1163 1973 alii
1185 1926 1259 1983 trior.

169 2005 264 2053 aeres,
285 1988 365 2041 ultimi
387 1988 488 2042 taudem
511 1986 728 2060 συμβαλλόμενοι
753 2009 786 2043 ex
811 1993 926 2061 partibus
943 1992 976 2045 ad
993 1992 1101 2044 invicem
1120 1990 1261 2044 commissis

157 2067 187 2111 et
204 2064 346 2110 storearum
364 2075 434 2111 more
450 2058 527 2110 textis
544 2060 677 2129 compositi
693 2056 890 2131 σοβαλταρέοι,
908 2061 988 2114 tisana
1004 2078 1036 2114 cn
1053 2066 1143 2121 nome,
1161 2075 1260 2110 nuncn-

156 2134 262 2197 pantur,
279 2126 323 2195 qni
338 2126 431 2179 elarius
449 2126 654 2196 οομβοιλλωτοί;
672 2143 738 2199 quae
754 2146 806 2181 vex
823 2147 891 2182 mere
908 2129 1012 2181 Graeca
1029 2144 1084 2181 cum
1101 2129 1259 2181 subalternis

156 2195 202 2248 vel
218 2197 370 2250 alternatim
384 2212 434 2248 nno
451 2196 571 2249 videlicet
587 2198 635 2250 snb
651 2200 737 2253 altero
752 2198 845 2268 positis
867 2199 960 2253 undem
983 2215 1015 2251 ex
1037 2196 1186 2269 proposito,
1211 2196 1257 2249 sed

156 2266 290 2318 fortuitam
307 2264 458 2317 affinitatem
475 2269 553 2318 nacta
569 2271 619 2319 est

241 2338 280 2396 ib.
300 2356 327 2396 v.
343 2341 373 2400 7.
394 2358 447 2416 pro
460 2335 551 2418 μέγας
571 2320 667 2397 codex‘
679 2335 780 2398 Boiens
798 2342 927 2421 μοῦρος,
949 2338 1026 2416 quod
1049 2336 1163 2395 Graecis
1183 2354 1258 2394 nune

156 2428 202 2483 est
215 2426 333 2500 nigram.
354 2422 419 2481 hine
438 2421 547 2483 Pontus
565 2423 691 2483 Euxinus
709 2424 867 2505 appellatur
887 2424 1128 2501 Meurotlulassc,
1149 2425 1258 2499 nigrum

155 2528 246 2586 more,
267 2507 432 2566 Germanice
444 2508 494 2567 das
503 2508 636 2568 selmorre
645 2528 719 2567 omer.
1338 2526 1342 2540 ’

240 2594 279 2653 ib.
299 2610 326 2650 v.
343 2599 391 2658 12.
409 2612 461 2671 pro
473 2587 674 2675 χροσόλεοκον
687 2594 749 2653 cod.
763 2593 872 2664 {Boicus
894 2585 1100 2675 χρυσᾶοπροντ
1121 2594 1166 2649 est
1182 2591 1257 2647 enim

155 2697 232 2737 nnnc
248 2677 363 2737 Graecis
384 2674 501 2761 ἅοπρον
521 2678 629 2755 elbum,
650 2684 682 2737 et
699 2682 777 2759 aspri
795 2678 900 2739 nummi
920 2697 1026 2757 genus,
1047 2681 1077 2734 et
1103 2670 1256 2756 ἆοορίζειν
1354 2712 1358 2727 .

155 2764 288 2823 dealbare.
534 2803 538 2811 ,

238 2850 275 2907 ib.
293 2866 321 2906 v.
342 2848 391 2911 18.
424 2845 511 2905 babes
528 2844 573 2905 hic
595 2838 735 2925 βλοῖτοον,
757 2846 807 2904 ubi
829 2846 976 2906 manifeste
993 2844 1109 2925 ponitur
1128 2863 1180 2922 pro
1195 2842 1255 2903 leto

153 2933 249 3013 spatio
261 2952 311 2991 sen
321 2952 373 3012 pro
386 2930 535 2990 latitudine
549 2931 699 2990 scaranici:
723 2932 774 2991 dos
789 2932 885 3009 breite,
902 2926 937 2992 cci
954 2925 1050 2991 elueri
1070 2930 1126 2990 τοῦ
1145 2947 1255 3006 σκορο-

154 3022 254 3082 νίκου.
272 3018 374 3075 ibidem
395 3016 460 3093 lego
483 3010 757 3095 χρυσοκλοβαρικόν,
778 3017 990 3089 aurielcoatum,
1012 3032 1070 3071 non
1093 3018 1256 3093 χροσοκλα-

155 3100 298 3182 tepesco,
314 3110 347 3160 ut
360 3103 445 3161 hebet
456 3100 568 3178 lunius,
594 3102 720 3176 quicum
740 3120 902 3159 aureoromo
918 3119 969 3157 sen
987 3100 1138 3175 ramusculo
1148 3116 1258 3175 meoque

148 3192 233 3269 pictis
242 3189 369 3247 lelieibas
380 3187 492 3246 mirifice
508 3205 540 3243 se
551 3186 680 3245 oblectat
700 3187 804 3244 ibidem
821 3185 900 3262 lego:
929 3182 979 3245 ἐπὶ
999 3176 1119 3265 θρόνου
1141 3186 1255 3263 χρυσοῦ

154 3267 323 3353 οἷνοβοτοῦ,
344 3277 374 3331 r'n
384 3273 474 3330 tireno
486 3290 566 3329 aureo
575 3271 683 3330 sublimi
687 3314 696 3345 ,
717 3276 746 3331 in
759 3290 834 3351 quem
851 3289 900 3349 per
920 3270 1023 3347 aliquos
1042 3268 1145 3345 gratim
1163 3288 1255 3353 necen-

153 3359 237 3418 ds'lur.
258 3358 383 3417 lectionis
397 3357 528 3434 vulgatae
548 3362 635 3435 aptus
651 3374 750 3414 sensus
771 3356 852 3413 reddi
866 3355 973 3430 nequit.

222 3455 259 3507 il.
275 3471 302 3507 v.
319 3456 363 3510 20.
398 3452 585 3522 substantivum
602 3447 748 3523 οἲνοίβοιτοο
759 3456 916 3521 fermentum
934 3454 991 3518 est,
1017 3448 1086 3519 quod
1103 3466 1134 3503 eo
1149 3452 1254 3517 turgeat

153 3522 261 3576 infletur
277 3527 304 3575 et
320 3522 443 3575 ascendat
458 3538 551 3577 masse.
587 3521 647 3573 binc
668 3539 774 3589 emma,
803 3521 922 3574 sacrificii
945 3519 997 3571 ritu
1020 3518 1113 3571 Latino
1131 3518 1253 3572 celebrati

152 3592 298 3657 materiam,
327 3589 446 3644 λειπαοοῖ
466 3608 537 3659 eta,
567 3590 662 3659 quibas
684 3592 835 3644 fermentum
862 3590 949 3655 deest,
974 3588 1124 3640 vocitavere
1145 3588 1252 3640 Graeci.

152 3660 307 3713 adiectismn
323 3654 466 3730 ἅναβατος
481 3660 574 3712 throno
592 3676 716 3711 annexum
732 3660 865 3714 scansilem
882 3675 940 3713 ensa
958 3664 987 3710 et
1003 3658 1144 3721 elevatum,
1167 3662 1198 3709 nt
1221 3650 1253 3711 ἔν

152 3725 307 3799 aperuimus,
325 3728 359 3781 de
370 3745 426 3797 ,qua
443 3746 490 3782 nos
506 3727 586 3795 alibi,
600 3728 764 3787 demonstret

236 3837 265 3896 p.
279 3821 323 3879 22
343 3837 370 3876 v.
383 3815 412 3879 5.
443 3812 620 3897 ἕπολοίρικον
638 3836 689 3875 seu
709 3809 902 3898 ἐπιλούρικον
920 3819 950 3872 el
967 3812 1178 3895 ἓπιλουρίκιον.
1198 3816 1257 3887 οἱοὶ,

150 3902 240 3973 docti,
269 3902 362 3977 inquit
385 3901 575 3978 Glossarium,
599 3902 697 3961 idest
722 3901 836 3977 Iunius,
863 3904 1068 3977 interpretantur
1083 3904 1251 3977 praetextam

149 3992 277 4047 vittatam
289 3988 363 4047 loris.
382 3988 594 4057 condolebant?
606 3988 674 4045 nobil
686 3986 842 4045 enimolr'ud
855 3989 893 4042 est
908 4003 986 4063 qnam
1004 3984 1127 4061 superuln
1147 3983 1252 4043 ίήονοοί
1336 4046 1341 4054 ,

149 4072 308 4151 superindui
323 4073 412 4132 solito.
443 4072 553 4131 notavit
576 4071 651 4129 hunc
673 4073 794 4130 eundem
815 4088 936 4129 errorem
957 4068 1029 4127 Iunii
1046 4074 1113 4127 ante
1133 4068 1250 4126 Glossa-

148 4157 223 4216 rium
239 4156 516 4217 Graeco-Barbarum
535 4155 675 4233 Rigaltins
697 4155 727 4214 in
743 4176 796 4214 suo
816 4155 960 4213 Glossario
976 4154 1092 4213 Tectico
1111 4152 1250 4211 mixobar-

148 4242 228 4301 buro.
249 4250 279 4301 et
293 4244 432 4319 quamvis,
452 4244 477 4302 si
494 4244 609 4301 verbum
624 4242 710 4301 verbo
727 4242 795 4301 velis
814 4241 948 4316 reddere,
970 4240 1064 4318 potius
1080 4238 1119 4295 sit
1131 4238 1249 4316 superlo-

147 4331 295 4407 eoadem,
314 4328 370 4389 hoe
385 4335 432 4389 est
444 4347 479 4391 ea
491 4330 578 4389 vestis
591 4345 665 4406 quae
682 4345 768 4409 snper
781 4326 895 4389 loricam
913 4325 1058 4402 induitur,
1078 4341 1141 4383 cnm
1156 4317 1248 4407 tripu-
