3092 4942
273 277 344 349 136
430 273 639 344 GRETSERI
652 273 710 341 ET
723 271 857 342 eoam
874 271 1205 342 COMMENTARIUS

270 445 421 505 mutandae
440 445 539 517 erant,
558 439 692 499 adiuvare
710 443 742 498 et
763 436 881 497 induere
899 454 957 498 una
976 456 1040 499 cum
1068 437 1305 499 hieromnemone:
1323 437 1365 498 sic

183 536 185 539 '
269 528 475 588 enimloaunes
496 525 618 583 Citrius:
660 524 872 584 biaomaemoair
890 524 1011 602 officiam
1032 519 1160 607 διακόνῳ
1179 523 1209 600 ἐξ
1230 520 1365 605 άνάγιιης

269 608 434 694 προσήκει,
459 606 563 690 ἐπειδή
585 603 795 691 συνυπουργός
820 599 910 681 οὗτός
931 607 993 671 ἐστι
1014 613 1057 696 τῷ
1071 610 1248 693 ιιανστρισίῳ
1269 611 1313 684 είς
1332 603 1367 674 τά
1411 609 1413 614 ’

268 695 457 779 περιτιθέναι
472 692 529 776 την
549 691 634 770 ίεράν
653 692 763 770 στολὴν
779 696 820 774 τῷ
844 686 977 774 άργιερεϊ
993 692 1129 773 μέλλοντι
1151 695 1365 774 ίεροπρακτεῑν.

269 786 367 858 itaque
380 784 516 843 caustrioa
528 779 597 839 nihil
610 779 686 838 aliud
700 780 812 837 videtur
820 777 866 836 hic
875 797 937 836 esse
952 797 1037 855 qnam
1049 779 1209 840 vestiarium
1223 799 1274 840 seu
1288 779 1366 838 locus

270 871 391 928 vestium
403 885 562 943 sacrarum,
582 867 689 944 etipse
706 865 864 922 constristat
886 863 955 922 nihil
978 864 1054 922 aliud
1074 883 1159 941 quam
1181 865 1273 944 isqui
1293 866 1366 924 inter

270 953 410 1035 palatinas
424 953 576 1030 dignitates
591 949 747 1029 appellatur
759 951 910 1008 vestiarius.
951 949 1006 1009 tuit
1028 955 1058 1010 et
1070 951 1100 1008 in
1113 949 1242 1008 Romana
1254 948 1369 1008 ecclesia

271 1038 417 1118 peculiaris
437 1039 560 1097 vestiarii
586 1036 708 1112 dignitas
729 1039 760 1092 ee
781 1034 917 1110 officium,
937 1039 971 1094 ut
997 1053 1033 1094 ex
1048 1033 1198 1096 Anastasio
1215 1035 1368 1095 Bibliothe-

273 1124 347 1182 cario
368 1125 452 1182 docet
469 1120 640 1200 Onuphrins.
681 1119 716 1179 In
733 1117 938 1198 Turcograeeia
964 1118 1011 1180 fol.
1030 1120 1093 1184 285
1111 1121 1212 1178 dicitur
1233 1119 1370 1200 ιιανστρί·

275 1226 357 1282 στος,
374 1211 422 1286 ητα·
434 1211 466 1268 in
478 1207 594 1281 liturgia
608 1209 677 1265 tenet
699 1200 734 1266 rb
753 1197 916 1286 ιιάυστριον
930 1207 990 1266 τοῖν
1004 1199 1223 1284 θυμιαμάτων,
1240 1207 1309 1285 qaod
1322 1223 1372 1281 ego

245 1292 420 1356 tacidum
443 1295 612 1371 interpretor,
631 1290 725 1364 inquit
743 1296 850 1358 auctor.
892 1293 923 1348 at
943 1290 1056 1349 inscite:
1080 1291 1142 1370 quis
1159 1291 1233 1348 enim
1247 1307 1372 1368 unquam
1423 1324 1425 1332 ι

273 1379 382 1437 audivit
396 1371 557 1457 κάνστριον
570 1393 633 1433 esse
644 1373 819 1434 aditnent
838 1371 892 1433 nisi
903 1375 977 1436 forte
991 1376 1076 1434 etiam
1089 1375 1239 1436 canistrum
1252 1377 1291 1434 sit
1301 1375 1373 1433 turi-

272 1462 385 1521 bulum:
401 1481 467 1520 nam
486 1482 505 1521 a
526 1463 643 1520 emittm
655 1479 707 1519 sen
723 1460 886 1518 diminutivo
900 1463 1028 1522 canistris
1048 1461 1082 1520 tit
1095 1464 1230 1522 auaritiam
1240 1481 1291 1542 per
1303 1477 1374 1538 syn-

273 1567 381 1627 copen,
400 1547 531 1623 idemque
545 1546 685 1620 estquod
697 1539 823 1622 μάνεον,
839 1551 982 1605 contracte
995 1549 1121 1621 ravair,
1136 1547 1177 1607 ita
1189 1550 1222 1603 ut
1236 1543 1375 1624 sorarai·

274 1649 341 1706 σιος
353 1634 463 1708 integre
477 1633 516 1691 sit
535 1631 752 1707 κανιστρίσιος,
771 1631 923 1708 praefectus
937 1634 1063 1690 canistrio
1075 1649 1126 1690 seu
1143 1633 1273 1720 εμυλιίτος
1295 1631 1373 1690 cuius

276 1719 478 1795 praefecturam
490 1716 618 1775 extendit
634 1734 747 1792 quoque
759 1715 855 1774 Iunius
871 1717 908 1773 ad
918 1720 1068 1796 peaam'am.
1109 1721 1141 1776 al
1156 1715 1254 1794 nobis,
1276 1721 1306 1776 et
1320 1715 1375 1794 ipsi

275 1802 361 1861 etiam
373 1802 500 1880 veritati,
519 1802 572 1860 uisi
590 1800 687 1879 fallor,
707 1801 796 1859 satius
819 1801 930 1860 videtur
947 1804 1086 1863 camiairii
1103 1802 1225 1862 officium
1244 1800 1374 1860 vestiario

276 1887 513 1964 circumscribere,
534 1891 565 1945 et
585 1889 701 1945 caastrii
713 1887 826 1944 nomine
844 1885 913 1946 nihil
930 1887 1007 1946 aliud
1029 1887 1153 1965 accipere
1178 1904 1262 1965 quem
1283 1886 1374 1950 locum

275 1971 325 2032 ubi
337 1977 431 2031 vestes
445 1971 618 2053 pontificales
631 1971 862 2050 asservabantur,
878 1991 935 2032 uuo
948 1972 1034 2034 verbo
1047 1976 1210 2034 υεελίατλαοι

346 2084 405 2156 aa
420 2103 449 2140 v.
468 2087 511 2142 16.
539 2079 738 2154 τανστρήνσιος
751 2103 869 2156 quoque,
887 2104 935 2139 nec
953 2103 1002 2138 non
1020 2084 1193 2152 καστρίνσιος
1204 2082 1375 2156 ειναστρήν-

278 2169 337 2215 croc
352 2155 475 2225 scriptum
492 2156 623 2226 reperies,
645 2172 676 2206 ac
693 2172 740 2224 pro
753 2156 831 2207 variis
845 2157 954 2207 Graecis
965 2155 1153 2208 characteribus
1164 2156 1264 2208 Latinis
1274 2173 1376 2226 quoque

279 2223 352 2274 varie
367 2223 501 2275 redditum.
535 2241 625 2276 seusus
637 2225 797 2292 requiratur,
813 2223 858 2276 ubi
876 2225 920 2276 vix
939 2224 1009 2276 iuvat
1026 2225 1167 2278 character.
1201 2224 1378 2294 resarciatur

278 2285 338 2344 σι’πό
355 2292 407 2343 τοῦ
423 2286 573 2359 marzitos
589 2293 681 2344 dictum
693 2292 784 2355 video;
800 2289 949 2359 πάνστριον
966 2310 1028 2345 vero
1044 2294 1117 2363 panis
1127 2293 1256 2348 benedicti
1268 2298 1376 2360 lancem,

278 2359 320 2411 sel
332 2359 417 2427 potius
427 2361 493 2412 turis
504 2364 629 2432 arculam,
645 2361 686 2411 vel
698 2360 806 2428 denique
818 2365 957 2414 canistrum
966 2362 1117 2431 recipiendis
1128 2364 1287 2432 patriarchae
1297 2363 1378 2418 vesti-

280 2429 329 2478 bus
340 2427 456 2479 idoneum
467 2428 637 2494 interpretare
654 2430 762 2482 κανοῦν
778 2429 843 2481 enirn
860 2430 924 2482 idem
944 2432 1014 2499 qnod
1025 2427 1157 2484 πινάκιον
1167 2433 1296 2486 vasculum
1308 2431 1377 2504 apud

281 2495 418 2560 Niceten,
436 2513 483 2565 pro
494 2497 575 2548 variis
583 2498 742 2549 lectionibus.
774 2498 903 2552 Allariana
922 2501 962 2568 (et
973 2501 1014 2567 M)
1032 2500 1065 2552 de
1081 2503 1251 2554 caustreasics
1280 2497 1378 2556 ὁταν·

280 2560 425 2631 στρήνσιος
440 2559 583 2618 άλλάσσων
601 2566 642 2636 τῷ
666 2561 795 2634 ἀρχιερεῖ
811 2564 864 2635 τὴν
887 2563 975 2622 αὐτοῦ
999 2565 1115 2638 στολήν,
1141 2571 1252 2638 κρατεῖν
1273 2565 1305 2624 di
1328 2565 1378 2625 κοιλ

279 2627 331 2686 τὸν
349 2630 490 2702 θυμιατόν
506 2627 538 2686 ἒν
553 2635 590 2704 τῇ
605 2635 776 2707 λειτουργίᾳ,
801 2631 915 2692 καὶτὸν
931 2632 1003 2703 άὲρα
1026 2640 1126 2706 (vetram
1147 2638 1234 2692 calicis
1254 2645 1281 2692 et
1300 2640 1378 2705 disci)

282 2695 313 2754 ἐν
329 2702 366 2770 τῇ
383 2702 462 2771 δεξιᾷ
476 2697 565 2757 abacti
578 2704 651 2774 χειρί
657 2743 666 2772 ,
692 2701 827 2773 §coatrae
851 2703 898 2758 ιιοιλ
920 2701 952 2760 τὸ
975 2701 1051 2776 ὕδωρ
1079 2705 1119 2768 εἰς
1136 2703 1187 2761 τὸν
1203 2703 1274 2763 λαόν
1291 2703 1321 2763 ἕν
1338 2708 1378 2763 τιὸ

281 2771 416 2842 τριαὸιιιῷ
428 2769 521 2844 ὕμνῳ,
543 2775 653 2840 κρατῶν
669 2771 703 2829 tt
716 2771 766 2829 ιιοιλ
784 2771 816 2830 τὰ
833 2769 965 2847 ιιιβάτιον
980 2777 1036 2831 τῶν
1060 2770 1232 2847 άρωμάτων,
1258 2759 1379 2844 easst'-

283 2857 368 2908 paroc
382 2837 433 2893 ιιαλ
449 2837 490 2905 είς
505 2837 556 2904 τίς
570 2843 678 2910 κρίσεις.

368 2947 579 3027 Refercudcriur
594 2971 613 3009 a
631 2950 764 3028 referendo
784 2968 887 3012 nomen
905 2951 1019 3010 trahens
1041 2951 1125 3012 hodie
1142 2954 1227 3014 etiam
1246 2955 1277 3013 in
1294 2954 1381 3014 eccle·

284 3033 342 3090 siue
369 3031 422 3091 asir
449 3041 558 3097 manet:
593 3037 757 3095 mittebatur
789 3056 823 3095 ex
859 3037 950 3096 officio
974 3039 1011 3096 ad
1035 3039 1230 3117 imperatorem
1257 3038 1310 3102 acl
1338 3041 1382 3114 εἰς

285 3116 378 3196 μέγαν
392 3115 532 3196 άρχοντα.
573 3121 645 3180 male
658 3122 754 3181 Iunius
771 3123 808 3182 cd
821 3125 978 3183 sacertotem
995 3129 1156 3184 marimum:
1173 3145 1239 3186 nam
1263 3121 1383 3210 άμέγας

285 3197 386 3280 άρχων
399 3203 521 3280 dignitas
534 3212 596 3264 erat
607 3207 748 3286 palatina,
760 3214 795 3270 ut
807 3207 911 3267 clarum
921 3229 955 3267 ex
968 3209 1030 3290 ipso
1044 3211 1154 3278 Codino
1168 3230 1192 3270 c
1211 3218 1239 3276 2.

355 3323 391 3377 tt.
409 3339 437 3376 v.
452 3326 493 3382 17.
531 3327 636 3380 fluidas:
659 3324 873 3398 ὅεφερενὸάριος
884 3325 1042 3400 Ῥωμαϊκὸν
1058 3325 1166 3400 άξίωμά
1181 3323 1271 3400 ἔστιν,
1293 3323 1382 3401 ἤγουν

287 3387 457 3460 άναφορεάς.
492 3393 600 3448 Nicetes
616 3397 642 3449 iu
658 3399 747 3451 Alexio
764 3402 888 3453 secundo:
913 3401 963 3452 τοῦ
979 3397 1153 3470 πατριάρχου
1170 3401 1326 3462 στείλαντος
1342 3397 1384 3461 είς

287 3455 340 3528 τὴν
361 3457 513 3517 δέσποιναν
536 3459 587 3519 τὸν
607 3458 709 3520 ἑαυτοῦ
736 3463 896 3537 ὑπηρέτην,
919 3463 950 3531 ὃς
971 3463 1003 3522 ἔτι
1026 3469 1078 3522 τοῦ
1099 3465 1268 3539 προβάλλειν
1290 3468 1330 3530 sic
1345 3465 1382 3523 col

286 3533 388 3596 αργεῖοι
409 3530 459 3583 sal
478 3532 706 3602 διαπορθμεύειν
724 3542 784 3599 τοῖς
806 3538 943 3610 βασιλεῦσι
966 3531 1002 3592 τά
1028 3533 1166 3607 βουλητέοι
1182 3535 1231 3592 καί
1248 3533 1298 3604 τάς
1311 3535 1383 3592 elao-

288 3597 390 3663 κρίσεις
406 3593 516 3654 tramae
534 3593 619 3664 αὖθις
634 3601 799 3672 μεταφέρειν
821 3609 975 3670 παλατίνος
998 3600 1165 3676 ὠνόμασται.
1201 3609 1343 3660 ditericus:
1366 3604 1383 3660 ά

288 3661 503 3734 ῥεφερενδάριος
518 3665 752 3741 ἀποστελλόμενος
772 3672 813 3735 εἰς
830 3671 981 3745 (άρχονταρ
996 3673 1045 3729 καλ
1063 3677 1103 3744 Μ)
1120 3671 1255 3744 μεγάλους
1270 3670 1387 3743 άνθρυί-

288 3752 361 3818 προς
371 3733 518 3805 μηνύματα
529 3737 608 3808 παρά
623 3742 664 3810 egi
679 3736 806 3813 άργιερεῖ
816 3739 960 3816 ἐγγράφως
978 3742 1027 3799 καλ
1043 3739 1178 3816 ἀγράφως
1193 3744 1283 3816 φάρει,
1297 3746 1387 3800 rebe*
1407 3757 1410 3762 '

287 3804 401 3873 ζσμενος
418 3805 467 3860 sal
482 3805 523 3871 ric
537 3805 589 3874 τάς
601 3812 714 3879 κρίσεις.
930 3831 941 3845 “
1359 3845 1361 3852 ,

370 3913 408 3973 ib.
428 3934 455 3974 v.
480 3915 527 3985 18,
559 3914 935 4002 ὄάπομνηματογράφωυ]
964 3918 1065 3982 Latine
1084 3941 1102 3980 a
1121 3926 1311 3982 commentariis
1336 3940 1386 3980 seu

288 4004 538 4074 commentariensis,
557 4004 700 4063 raibardir
713 4010 905 4065 commentariis
919 4009 1088 4087 praefertas,
1110 4009 1158 4083 qui
1174 3997 1288 4067 Graecis
1302 4008 1387 4067 etiam

286 4080 604 4164 άτιομν-ηματογράφος
625 4093 656 4148 et
677 4093 911 4170 κομεντοιρίσιος.
954 4111 1056 4152 nomen
1084 4093 1167 4152 officii
1193 4110 1252 4153 non
1276 4098 1387 4152 tanturn

287 4167 462 4229 ecclesiastici
476 4173 528 4229 sed
543 4178 580 4249 et·
593 4173 714 4253 politici,
734 4177 835 4235 saltem
848 4179 925 4254 apud
944 4174 1078 4254 LatinoS,
1101 4179 1137 4236 de
1155 4195 1212 4253 quo
1226 4179 1318 4238 mtdta
1331 4177 1387 4238 Ba-

286 4256 382 4314 ronius
396 4258 433 4316 ad
447 4252 631 4337 Martyrolog.
642 4266 710 4321 tom.
723 4264 765 4326 27
779 4265 824 4322 die
839 4263 941 4324 Martii.
956 4263 1117 4324 Bonesrdius
1130 4265 1216 4324 vertit
1229 4267 1387 4326 canariam.
