3092 4942
521 269 904 365 mconnrcrr.1.'
1033 381 1038 388 ,
1094 291 1100 306 “
1193 299 1267 407 ιιι

171 457 227 524 τδν
239 456 363 540 βασιλέα
374 459 595 539 πολοχρονδζειν
608 479 660 518 seu
671 455 707 522 τδ
726 455 952 544 πολοχρόνισμα
966 451 1089 520 αττίιιοιέ
1102 481 1153 523 een
1172 465 1267 526 nolu·

169 540 293 627 χοδνιον
301 549 409 607 ποιεῖν.
426 545 474 620 qui
482 563 544 603 mos
553 547 712 622 exantiquo
720 564 798 606 more
811 548 895 606 lrodie
907 565 1020 623 quoque
1033 547 1148 607 Graecis
1164 549 1266 608 a'dlrae-

169 636 224 690 rct
264 631 389 689 secunda
406 635 452 688 est
471 636 586 707 portare
605 631 778 709 evangelium
790 633 820 690 in
841 633 1088 710 supplicationibus
1107 653 1141 693 ac
1155 634 1266 694 litaniis.

169 715 257 775 tertia
269 711 324 790 τοὶς
340 713 375 776 ἐν
394 707 499 786 ον’ταῖς
518 712 672 788 σννατττδς
690 715 741 778 nal
764 711 897 795 αἰτήσεις
915 723 1022 796 ποιεῖν.
1062 719 1157 794 inepte
1179 719 1266 778 inter-

168 820 251 878 pres:
272 802 439 861 οοιαιττίοιιτι
451 804 476 858 et
490 803 653 878 repetitiones
666 804 698 860 in
710 804 748 859 eis
754 800 856 878 sacae.
897 808 1074 881 corrercrunt
1086 803 1133 862 alii
1143 803 1265 882 collectae

168 891 195 944 et
208 905 305 963 preces.
325 889 393 946 suut
413 885 561 946 σιιναττταί
582 886 696 965 proprie
711 904 786 962 quae
805 887 883 964 apud
901 906 954 946 uos
978 887 1007 946 in
1031 887 1108 954 horis
1125 888 1264 948 canonicis

168 975 305 1029 vocamur
316 988 421 1048 preces,
442 967 541 1026 diebus
563 970 727 1028 ieiuniorum
744 971 922 1049 potissimum
941 972 1078 1048 usitatae,
1098 991 1156 1031 non
1179 973 1265 1032 modo

167 1056 199 1113 in
213 1054 357 1114 matutinis
371 1055 467 1112 sedet
488 1054 519 1111 in
537 1053 756 1131 sirrgulisxlroris
778 1060 808 1113 et
823 1075 920 1134 preces
939 1055 1003 1114 illac
1024 1074 1094 1132 quas
1116 1062 1182 1134 post
1201 1057 1264 1116 lita·

169 1141 232 1198 nias
254 1159 307 1218 pro
327 1138 403 1200 omni
422 1137 565 1199 bominum
589 1145 717 1199 statuet
737 1141 835 1198 ordine
853 1141 1181 1219 fundimus,·ipsissimae
1197 1148 1265 1200 suut

169 1225 340 1286 Graecorum
354 1224 516 1296 σαναιτταί,
539 1238 700 1300 quanquam
712 1230 742 1283 et
757 1244 827 1300 quas
846 1245 899 1287 nos
920 1245 1050 1286 vocamus
1071 1227 1195 1288 collectus
1210 1226 1265 1286 hoc

168 1311 282 1368 nomine
297 1307 440 1388 appellare
451 1305 491 1366 nil
504 1313 598 1386 vetat,
619 1309 685 1385 quia
705 1309 876 1370 Graecorum
888 1309 1007 1388 linngns
1028 1311 1263 1390 adstipulantibus

170 1395 227 1454 liet.
256 1395 325 1452 baec
345 1400 440 1452 autern
464 1393 506 1452 ita
530 1411 593 1452 esse
609 1391 748 1471 intelliget
766 1395 855 1454 lector
875 1415 938 1454 cum
959 1415 994 1454 cx
1013 1395 1072 1453 aliis
1094 1381 1300 1456 GraecorumP
1321 1381 1371 1438 1⁷3

170 1479 313 1540 ritualibus
326 1477 403 1536 libris
421 1484 481 1537 tum
495 1497 530 1537 ex
542 1477 722 1556 Eucbologio.
742 1480 833 1538 valeat
852 1480 937 1558 igitur
949 1481 1111 1540 Bonefldius
1124 1501 1186 1541 cum
1205 1482 1264 1540 suis

170 1564 370 1624 sanctionibus
382 1565 617 1642 etrepetitionibnr.
639 1570 740 1640 quarta
750 1571 796 1624 est
809 1559 940 1640 oino'nroe
954 1559 1162 1646 ἅρχιδιαιιὸνοο
1182 1561 1264 1629 διδό-
1279 1563 1281 1570 ’
1301 1621 1303 1628 .

170 1673 223 1712 ναι
238 1643 353 1729 ιιηροδς
364 1654 428 1722 τοῖς
448 1647 482 1712 ἐν
496 1653 538 1730 τῷ
549 1644 668 1730 ἅμβονι
686 1645 857 1726 διακόνοις,
878 1651 982 1710 obemte
1000 1651 1187 1711 crelidiucono
1200 1650 1266 1710 dure

170 1754 257 1793 cerens
276 1735 394 1794 διὀτοιιιι
414 1737 445 1793 in
459 1733 643 1793 umboneubi
657 1735 779 1812 pessime
799 1735 937 1813 interpres
961 1755 1013 1814 pro
1033 1730 1147 1815 αηρούς
1166 1736 1263 1812 legens

169 1813 296 1899 seconde
319 1818 417 1876 vertit:
443 1825 558 1898 ternpore
581 1818 647 1878 dure
670 1820 806 1894 diaconis,
836 1824 885 1898 qni
902 1821 1008 1880 umboni
1030 1823 1156 1879 sariunt.
1184 1821 1264 1897 quid,
1339 1857 1342 1874 .

171 1923 292 1981 quaeso,
311 1908 357 1961 est
369 1909 486 1982 ternpore
499 1903 565 1962 dcre
577 1903 717 1962 dicemini
742 1923 835 1981 neque
858 1910 1027 1964 correctores
1041 1911 1092 1963 aut
1108 1905 1137 1962 in
1154 1903 1264 1964 Graeca

168 1990 308 2067 scriptura
320 1993 370 2047 aut
383 1988 413 2046 in
427 1987 565 2048 Bonefidii
577 1989 808 2066 interpretatione
827 1989 902 2048 bunc
921 1996 980 2048 tam
1006 1995 1119 2066 turpem
1142 2007 1265 2059 errorem

168 2075 436 2144 animadverterunt3
457 2079 491 2131 ut
504 2073 550 2131 vel
567 2073 632 2132 binc
654 2073 761 2148 liqueat
779 2093 863 2150 quam
882 2075 967 2134 rudes
985 2092 1078 2131 rerum
1097 2073 1263 2132 ecclesiasti-

168 2179 264 2218 carum
274 2159 322 2216 isti
335 2176 353 2215 a
365 2155 501 2215 mtbolica
513 2157 647 2236 religione
662 2160 753 2216 auersi
762 2161 800 2218 ad
814 2160 884 2217 ritus
898 2159 1096 2218 ecclesiasticos
1109 2177 1158 2216 seu
1173 2156 1263 2216 Grae·

168 2264 217 2303 cos
233 2263 284 2302 seu
301 2241 420 2301 Latinos
436 2242 615 2320 explicandos
637 2244 780 2302 accedant.
802 2243 870 2302 dicit
890 2250 983 2308 autem
1003 2245 1106 2324 absente
1125 2243 1264 2300 nrclidiu·

167 2349 241 2406 cono,
254 2329 335 2405 quia,
346 2333 380 2386 ut
389 2327 515 2385 Codinus
527 2329 614 2386 tradit
629 2348 657 2405 p.
671 2330 713 2392 94
725 2349 752 2387 v.
767 2331 818 2403 20,
832 2327 897 2386 olim
909 2329 1022 2404 quidem
1032 2346 1135 2404 magua
1148 2325 1263 2386 ecclesia

166 2414 290 2474 babebat
311 2412 549 2490 archidiaconum,
564 2414 616 2471 sed
635 2416 736 2490 postea
755 2407 862 2470 nrdlum
880 2413 994 2490 habuit,
1016 2431 1102 2488 quare
1123 2410 1140 2476 δ
1159 2412 1263 2474 διατε-

167 2494 266 2577 ρεδων
284 2502 379 2576 partes
394 2498 454 2554 eius
473 2496 621 2575 supplerit
657 2496 722 2556 hinc
744 2497 786 2554 ait
807 2498 912 2556 Citrius
934 2499 1049 2556 secundi
1071 2497 1180 2556 diaconi
1199 2515 1262 2554 esse

167 2585 253 2643 etiam
266 2584 295 2641 in
314 2582 375 2641 aliis
388 2582 573 2640 archidiaconi
593 2601 694 2641 munus
715 2582 840 2659 explere;
861 2602 895 2640 ex
915 2583 1016 2658 quibus
1034 2584 1109 2656 forte
1132 2581 1186 2640 hoc
1208 2586 1264 2656 est,

167 2671 286 2744 θυμιᾶν
298 2663 352 2729 cdv
363 2664 500 2746 βασιλέα,
517 2669 712 2745 imperatorem
726 2686 822 2728 recens
834 2674 997 2728 coronatum
1009 2671 1124 2742 ιἰιοοιιιο,
1135 2672 1168 2724 ut
1180 2669 1264 2724 vocat

166 2754 298 2831 ecdesim
317 2752 457 2828 venerari,
478 2752 560 2827 eique
585 2751 657 2810 bene
676 2752 833 2811 ominatum
843 2753 912 2810 illud
928 2771 1039 2810 amanen
1059 2752 1181 2810 occinere
1203 2747 1263 2810 “re·

167 2840 291 2898 cudetur
309 2839 429 2897 dominus
448 2835 510 2897 dein
531 2840 585 2912 τῆς
609 2837 760 2916 βασιλείας
781 2841 853 2911 σᾶς,
884 2841 963 2912 regni
981 2839 1037 2910 tui,
1057 2841 1087 2896 e'n
1104 2855 1186 2910 regno
1204 2855 1262 2908 ιαο,

166 2943 237 2987 more
251 2931 387 3002 desuper
402 2927 428 2980 et
446 2924 475 2978 in
492 2922 581 2980 secula
594 2923 751 2995 seculorum,
771 2911 877 2980 ameni*
913 2921 953 2979 sic
969 2921 1043 2980 idem
1062 2921 1155 2979 fausta
1173 2917 1262 2976 accla-

166 3011 290 3072 matione
314 3006 535 3087 prosequebatur
554 3006 752 3084 patriarcham:
780 3006 931 3085 μνησθείη
956 2998 1095 3083 adorned
1114 2998 1189 3074 dede
1205 3005 1262 3080 τῆς

167 3087 392 3175 ἆρχιερασύνης
412 3109 485 3166 σου,
505 3091 653 3150 recudetur
667 3091 786 3149 demirare
800 3091 973 3168 pontificatue
987 3093 1031 3147 tui
1042 3089 1137 3164 ulique
1149 3106 1221 3146 nnnc
1235 3092 1262 3146 et

167 3199 266 3257 seraper
280 3185 305 3238 et
319 3181 349 3236 in
362 3175 452 3235 secula
466 3177 616 3234 ιοοιιὶοιαοι
636 3195 689 3232 nec
709 3175 763 3232 boc
778 3175 863 3248 tiebat
876 3179 987 3231 tautum
1008 3192 1042 3232 eo
1066 3173 1111 3230 die
1131 3190 1188 3246 quo
1209 3172 1262 3230 im-

79 3330 84 3339 *
166 3270 281 3342 perator
292 3260 510 3339 inaugurabatur
530 3267 561 3318 et
574 3261 775 3337 coronabatur,
796 3260 847 3318 sed
865 3259 974 3335 quoties
991 3259 1020 3315 in
1036 3257 1178 3316 ecclesiam
1194 3275 1262 3315 veu-

86 3345 90 3353 ’
166 3349 278 3406 titubat
298 3367 332 3406 ea
345 3349 381 3405 de
394 3364 478 3404 causa
489 3346 530 3403 ait
548 3346 669 3403 Citrius:
692 3335 789 3406 ον’τοδ
801 3337 858 3425 γάρ
881 3341 996 3423 ἐστινὴ
1016 3338 1088 3422 perd
1110 3337 1262 3421 τήνεῖσο·

166 3435 223 3494 δον
240 3418 377 3511 tinnula
391 3435 452 3509 τῶν
469 3428 613 3510 βασιλέων
632 3426 684 3491 καὶ
705 3424 877 3510 ἆρχιερέων,
899 3431 985 3507 ipsius
1005 3433 1044 3486 eet
1062 3426 1262 3505 imperatoribus
1370 3493 1376 3510 .

167 3524 194 3576 et
210 3517 375 3596 pntnirnbis
391 3518 423 3574 in
442 3515 564 3592 tenplum
583 3517 709 3590 ingressis
723 3514 784 3572 bene
803 3517 925 3592 precari,⁸
953 3513 1007 3571 nisi
1028 3513 1091 3587 quis
1105 3510 1173 3568 illud
1186 3505 1260 3588 perd

165 3597 224 3682 τιὶν
232 3601 351 3664 εἴσοδον
361 3606 422 3681 poet
433 3603 580 3676 ingressum
593 3601 696 3673 referre
708 3597 774 3655 velit
788 3601 824 3656 ad
836 3591 992 3676 ingressum
1004 3597 1033 3654 in
1051 3595 1260 3654 tabcmaculum

164 3706 217 3745 seu
233 3688 263 3744 in
276 3691 375 3746 sancta
385 3691 562 3761 sanctorum,
583 3683 625 3742 ita
640 3689 673 3742 ut
683 3684 777 3741 fausta
788 3683 858 3742 haec
875 3682 1034 3743 acclamatio
1048 3683 1123 3740 facta
1141 3681 1179 3737 sit
1193 3684 1261 3756 post

164 3771 323 3831 absolutam
335 3769 581 3848 supplicationem,
601 3769 703 3844 inqua
722 3768 804 3845 pauis
824 3767 1088 3845 praesanctificatus·
1099 3765 1136 3822 ad
1157 3763 1260 3821 sacrifi-

165 3858 238 3916 cium
255 3855 500 3915 circumferebatur
519 3873 570 3931 per
595 3851 730 3931 templum
753 3858 783 3911 et
805 3859 905 3930 postea
921 3853 959 3910 ad
978 3850 1065 3908 altare
1082 3847 1259 3906 inferebatur.

167 3954 225 4018 quo
237 3942 270 4000 fit
285 3947 321 3999 nt
330 3941 471 3999 secundus
486 3938 619 3996 diaconus
631 3933 786 4016 εδφημίαν
801 3937 873 3994 banc
893 3935 1046 3994 instituerit
1062 3951 1190 4010 regresso
1204 3933 1260 3988 iam
1342 3950 1348 3956 ·

165 4027 324 4105 patriarcba
351 4027 389 4084 ad
413 4025 502 4084 altare
526 4029 558 4082 et
576 4022 754 4103 processione
774 4020 919 4094 absoluta3
940 4020 1028 4096 ⁸quod
1055 4036 1122 4078 vero
1145 4017 1260 4097 propius

163 4113 283 4172 videtur.
706 4150 710 4154 -
934 4139 937 4145 ·

109 4258 111 4263 ,
177 4259 181 4264 ,
249 4195 403 4256 Dicebatur
416 4185 598 4271 δευτερεύων
614 4192 676 4251 τοῖν
691 4183 843 4252 διακόνων
859 4207 918 4248 non
941 4187 1018 4262 quod
1036 4187 1066 4244 in
1087 4183 1185 4242 ordine
1200 4181 1259 4238 dia-
1294 4215 1296 4220 ,

164 4301 299 4343 eonorum
317 4298 438 4360 magnae
449 4278 580 4339 ccclesiae
594 4275 735 4338 secundus
753 4280 844 4354 esset,
864 4275 915 4334 sed
928 4276 1056 4352 respectu
1073 4270 1111 4328 ad
1127 4265 1262 4326 archidia-
