<?xml version="1.0" encoding="UTF-8"?>
<!DOCTYPE html PUBLIC "-//W3C//DTD XHTML 1.0 Transitional//EN"
    "http://www.w3.org/TR/xhtml1/DTD/xhtml1-transitional.dtd">
<html xmlns="http://www.w3.org/1999/xhtml" xml:lang="en" lang="en">
 <head>
  <title>
</title>
<meta http-equiv="Content-Type" content="text/html;charset=utf-8" />
  <meta name='ocr-system' content='tesseract 3.04.00' />
  <meta name='ocr-capabilities' content='ocr_page ocr_carea ocr_par ocr_line ocrx_word'/>
</head>
<body>
  <div class='ocr_page' id='page_1' title='image "./corpusscriptoru43theogoog/corpusscriptoru43theogoog_0392.png"; bbox 0 0 3092 4942; ppageno 0'>
   <div class='ocr_carea' id='block_1_1' title="bbox 296 260 1227 390">
    <p class='ocr_par' dir='ltr' id='par_1_1' title="bbox 296 260 1227 390">
     <span class='ocr_line' id='line_1_1' title="bbox 296 260 1227 390; baseline -0.004 0"><span class='ocrx_word' id='word_1_1' title='bbox 296 319 370 390; x_wconf 82' lang='lat' dir='ltr'><strong>aso</strong></span> <span class='ocrx_word' id='word_1_2' title='bbox 455 317 663 386; x_wconf 82' lang='lat' dir='ltr'><strong>canrsnnr</strong></span> <span class='ocrx_word' id='word_1_3' title='bbox 677 319 731 386; x_wconf 83' lang='lat' dir='ltr'><strong>nr</strong></span> <span class='ocrx_word' id='word_1_4' title='bbox 747 313 881 386; x_wconf 78' lang='lat' dir='ltr'><strong>cosan</strong></span> <span class='ocrx_word' id='word_1_5' title='bbox 894 260 1227 388; x_wconf 73' lang='lat' dir='ltr'><strong>communiales</strong></span> 
     </span>
    </p>
   </div>
   <div class='ocr_carea' id='block_1_2' title="bbox 287 477 1395 2406">
    <p class='ocr_par' dir='ltr' id='par_1_2' title="bbox 287 477 1395 2406">
     <span class='ocr_line' id='line_1_2' title="bbox 295 477 1395 552; baseline -0.001 -15"><span class='ocrx_word' id='word_1_6' title='bbox 295 485 383 552; x_wconf 81' lang='lat' dir='ltr'><strong>specto</strong></span> <span class='ocrx_word' id='word_1_7' title='bbox 406 497 457 536; x_wconf 90' lang='lat' dir='ltr'><strong>non</strong></span> <span class='ocrx_word' id='word_1_8' title='bbox 474 480 566 549; x_wconf 81' lang='lat' dir='ltr'><strong>exigna</strong></span> <span class='ocrx_word' id='word_1_9' title='bbox 589 478 670 534; x_wconf 81' lang='lat' dir='ltr'><strong>oritur</strong></span> <span class='ocrx_word' id='word_1_10' title='bbox 692 477 849 546; x_wconf 81' lang='lat' dir='ltr'><strong>difficultas,</strong></span> <span class='ocrx_word' id='word_1_11' title='bbox 870 483 1006 548; x_wconf 84' lang='lat' dir='ltr'><strong>quotornm</strong></span> <span class='ocrx_word' id='word_1_12' title='bbox 1028 479 1073 536; x_wconf 80' lang='lat' dir='ltr'><strong>vel</strong></span> <span class='ocrx_word' id='word_1_13' title='bbox 1094 478 1205 549; x_wconf 61' lang='lat' dir='ltr'><strong>waliam</strong></span> <span class='ocrx_word' id='word_1_14' title='bbox 1225 479 1261 534; x_wconf 84' lang='lat' dir='ltr'><strong>sit</strong></span> <span class='ocrx_word' id='word_1_15' title='bbox 1282 481 1336 536; x_wconf 82' lang='lat' dir='ltr'><strong>dux</strong></span> <span class='ocrx_word' id='word_1_16' title='bbox 1359 498 1395 536; x_wconf 82' lang='lat' dir='ltr'><strong>ac</strong></span> 
     </span>
     <span class='ocr_line' id='line_1_3' title="bbox 294 548 1394 618; baseline 0.001 -14"><span class='ocrx_word' id='word_1_17' title='bbox 294 558 380 606; x_wconf 87' lang='lat' dir='ltr'><strong>rector</strong></span> <span class='ocrx_word' id='word_1_18' title='bbox 392 550 614 612; x_wconf 83' lang='lat' dir='ltr'><strong>archimandrites,</strong></span> <span class='ocrx_word' id='word_1_19' title='bbox 631 565 664 602; x_wconf 85' lang='lat' dir='ltr'><strong>aa</strong></span> <span class='ocrx_word' id='word_1_20' title='bbox 675 548 782 618; x_wconf 86' lang='lat' dir='ltr'><strong>plurium</strong></span> <span class='ocrx_word' id='word_1_21' title='bbox 794 548 839 600; x_wconf 81' lang='lat' dir='ltr'><strong>vel</strong></span> <span class='ocrx_word' id='word_1_22' title='bbox 851 565 988 617; x_wconf 62' lang='lat' dir='ltr'><strong>munorum</strong></span> <span class='ocrx_word' id='word_1_23' title='bbox 999 549 1180 602; x_wconf 84' lang='lat' dir='ltr'><strong>monachorum</strong></span> <span class='ocrx_word' id='word_1_24' title='bbox 1193 549 1236 616; x_wconf 84' lang='lat' dir='ltr'><strong>(hi</strong></span> <span class='ocrx_word' id='word_1_25' title='bbox 1246 550 1312 604; x_wconf 87' lang='lat' dir='ltr'><strong>enim</strong></span> <span class='ocrx_word' id='word_1_26' title='bbox 1323 560 1394 616; x_wconf 63' lang='lat' dir='ltr'><strong>aaut</strong></span> 
     </span>
     <span class='ocr_line' id='line_1_4' title="bbox 294 611 1392 690; baseline -0.003 -17"><span class='ocrx_word' id='word_1_27' title='bbox 294 621 337 690; x_wconf 91' lang='lat' dir='ltr'><strong>qni</strong></span> <span class='ocrx_word' id='word_1_28' title='bbox 354 627 466 673; x_wconf 89' lang='lat' dir='ltr'><strong>testante</strong></span> <span class='ocrx_word' id='word_1_29' title='bbox 483 619 578 670; x_wconf 74' lang='lat' dir='ltr'><strong>basilio</strong></span> <span class='ocrx_word' id='word_1_30' title='bbox 594 611 624 671; x_wconf 74' lang='grc' dir='ltr'><strong>ἐν</strong></span> <span class='ocrx_word' id='word_1_31' title='bbox 647 611 722 684; x_wconf 82' lang='grc' dir='ltr'><strong>ὄρεσι</strong></span> <span class='ocrx_word' id='word_1_32' title='bbox 738 611 887 679; x_wconf 73' lang='lat' dir='ltr'><strong>suldunis</strong></span> <span class='ocrx_word' id='word_1_33' title='bbox 903 618 953 686; x_wconf 76' lang='grc' dir='ltr'><strong>τῆς</strong></span> <span class='ocrx_word' id='word_1_34' title='bbox 969 619 1019 687; x_wconf 59' lang='grc' dir='ltr'><strong>γῆς</strong></span> <span class='ocrx_word' id='word_1_35' title='bbox 1034 617 1181 687; x_wconf 83' lang='lat' dir='ltr'><strong>habitant),</strong></span> <span class='ocrx_word' id='word_1_36' title='bbox 1200 635 1233 672; x_wconf 82' lang='lat' dir='ltr'><strong>au</strong></span> <span class='ocrx_word' id='word_1_37' title='bbox 1251 620 1325 674; x_wconf 82' lang='lat' dir='ltr'><strong>unius</strong></span> <span class='ocrx_word' id='word_1_38' title='bbox 1341 619 1392 674; x_wconf 89' lang='lat' dir='ltr'><strong>ab·</strong></span> 
     </span>
     <span class='ocr_line' id='line_1_5' title="bbox 294 686 1391 772; baseline -0.001 -31"><span class='ocrx_word' id='word_1_39' title='bbox 294 692 340 741; x_wconf 85' lang='lat' dir='ltr'><strong>bas</strong></span> <span class='ocrx_word' id='word_1_40' title='bbox 358 690 402 742; x_wconf 87' lang='lat' dir='ltr'><strong>vel</strong></span> <span class='ocrx_word' id='word_1_41' title='bbox 423 689 559 740; x_wconf 86' lang='lat' dir='ltr'><strong>multorum</strong></span> <span class='ocrx_word' id='word_1_42' title='bbox 578 687 786 740; x_wconf 79' lang='lat' dir='ltr'><strong>monasteriorum</strong></span> <span class='ocrx_word' id='word_1_43' title='bbox 808 686 843 738; x_wconf 90' lang='lat' dir='ltr'><strong>sit</strong></span> <span class='ocrx_word' id='word_1_44' title='bbox 864 687 1021 756; x_wconf 82' lang='lat' dir='ltr'><strong>gubernator</strong></span> <span class='ocrx_word' id='word_1_45' title='bbox 1042 702 1190 757; x_wconf 83' lang='lat' dir='ltr'><strong>supremus,</strong></span> <span class='ocrx_word' id='word_1_46' title='bbox 1213 688 1286 741; x_wconf 84' lang='lat' dir='ltr'><strong>velut</strong></span> <span class='ocrx_word' id='word_1_47' title='bbox 1306 690 1329 741; x_wconf 92' lang='lat' dir='ltr'><strong>is</strong></span> <span class='ocrx_word' id='word_1_48' title='bbox 1347 688 1391 772; x_wconf 71' lang='lat' dir='ltr'><strong>qni</strong></span> 
     </span>
     <span class='ocr_line' id='line_1_6' title="bbox 293 755 1391 828; baseline -0.001 -17"><span class='ocrx_word' id='word_1_49' title='bbox 293 758 366 812; x_wconf 89' lang='lat' dir='ltr'><strong>nohis</strong></span> <span class='ocrx_word' id='word_1_50' title='bbox 383 757 545 828; x_wconf 87' lang='lat' dir='ltr'><strong>provincialis</strong></span> <span class='ocrx_word' id='word_1_51' title='bbox 563 755 656 808; x_wconf 87' lang='lat' dir='ltr'><strong>dicitur</strong></span> <span class='ocrx_word' id='word_1_52' title='bbox 672 761 717 808; x_wconf 88' lang='lat' dir='ltr'><strong>aut</strong></span> <span class='ocrx_word' id='word_1_53' title='bbox 735 755 872 824; x_wconf 76' lang='lat' dir='ltr'><strong>generalis.</strong></span> <span class='ocrx_word' id='word_1_54' title='bbox 889 773 965 825; x_wconf 75' lang='grc' dir='ltr'>ρυοιο</span> <span class='ocrx_word' id='word_1_55' title='bbox 981 761 1078 826; x_wconf 87' lang='lat' dir='ltr'><strong>partem</strong></span> <span class='ocrx_word' id='word_1_56' title='bbox 1096 755 1224 821; x_wconf 67' lang='lat' dir='ltr'><strong>lenm,</strong></span> <span class='ocrx_word' id='word_1_57' title='bbox 1241 757 1335 810; x_wconf 86' lang='lat' dir='ltr'><strong>nnllam</strong></span> <span class='ocrx_word' id='word_1_58' title='bbox 1350 775 1391 809; x_wconf 87' lang='lat' dir='ltr'><strong>su-</strong></span> 
     </span>
     <span class='ocr_line' id='line_1_7' title="bbox 293 824 1393 896; baseline -0.002 -16"><span class='ocrx_word' id='word_1_59' title='bbox 293 844 381 880; x_wconf 81' lang='lat' dir='ltr'><strong>currcs</strong></span> <span class='ocrx_word' id='word_1_60' title='bbox 398 825 555 896; x_wconf 75' lang='lat' dir='ltr'><strong>deceptionis</strong></span> <span class='ocrx_word' id='word_1_61' title='bbox 571 824 725 894; x_wconf 82' lang='lat' dir='ltr'><strong>pericnlumr</strong></span> <span class='ocrx_word' id='word_1_62' title='bbox 749 825 823 877; x_wconf 90' lang='lat' dir='ltr'><strong>unius</strong></span> <span class='ocrx_word' id='word_1_63' title='bbox 840 824 907 877; x_wconf 84' lang='lat' dir='ltr'><strong>eninr</strong></span> <span class='ocrx_word' id='word_1_64' title='bbox 923 826 1075 895; x_wconf 79' lang='lat' dir='ltr'><strong>quaudoque</strong></span> <span class='ocrx_word' id='word_1_65' title='bbox 1092 826 1265 895; x_wconf 79' lang='lat' dir='ltr'><strong>superiorem,</strong></span> <span class='ocrx_word' id='word_1_66' title='bbox 1283 827 1393 895; x_wconf 81' lang='lat' dir='ltr'><strong>pluriam</strong></span> 
     </span>
     <span class='ocr_line' id='line_1_8' title="bbox 293 893 1392 965; baseline 0 -17"><span class='ocrx_word' id='word_1_67' title='bbox 293 897 371 950; x_wconf 86' lang='lat' dir='ltr'><strong>etism</strong></span> <span class='ocrx_word' id='word_1_68' title='bbox 387 908 563 964; x_wconf 80' lang='lat' dir='ltr'><strong>nonnunquam</strong></span> <span class='ocrx_word' id='word_1_69' title='bbox 583 893 711 961; x_wconf 82' lang='lat' dir='ltr'><strong>significat</strong></span> <span class='ocrx_word' id='word_1_70' title='bbox 726 894 933 950; x_wconf 68' lang='lat' dir='ltr'><strong>monasterinm</strong></span> <span class='ocrx_word' id='word_1_71' title='bbox 949 894 1100 965; x_wconf 81' lang='lat' dir='ltr'><strong>praesidem.</strong></span> <span class='ocrx_word' id='word_1_72' title='bbox 1122 894 1198 964; x_wconf 91' lang='lat' dir='ltr'><strong>primi</strong></span> <span class='ocrx_word' id='word_1_73' title='bbox 1212 911 1304 950; x_wconf 76' lang='lat' dir='ltr'><strong>semus</strong></span> <span class='ocrx_word' id='word_1_74' title='bbox 1320 895 1392 961; x_wconf 74' lang='lat' dir='ltr'><strong>allati</strong></span> 
     </span>
     <span class='ocr_line' id='line_1_9' title="bbox 292 963 1392 1032; baseline -0.001 -15"><span class='ocrx_word' id='word_1_75' title='bbox 292 971 467 1032; x_wconf 79' lang='lat' dir='ltr'><strong>argumentum</strong></span> <span class='ocrx_word' id='word_1_76' title='bbox 486 969 525 1016; x_wconf 87' lang='lat' dir='ltr'><strong>est</strong></span> <span class='ocrx_word' id='word_1_77' title='bbox 539 963 691 1032; x_wconf 78' lang='lat' dir='ltr'><strong>Eutychatis</strong></span> <span class='ocrx_word' id='word_1_78' title='bbox 710 963 863 1032; x_wconf 74' lang='lat' dir='ltr'><strong>appellatio,</strong></span> <span class='ocrx_word' id='word_1_79' title='bbox 885 979 952 1032; x_wconf 86' lang='lat' dir='ltr'><strong>quae</strong></span> <span class='ocrx_word' id='word_1_80' title='bbox 968 963 995 1016; x_wconf 91' lang='lat' dir='ltr'><strong>in</strong></span> <span class='ocrx_word' id='word_1_81' title='bbox 1014 963 1120 1016; x_wconf 87' lang='lat' dir='ltr'><strong>concilio</strong></span> <span class='ocrx_word' id='word_1_82' title='bbox 1139 963 1342 1016; x_wconf 71' lang='lat' dir='ltr'><strong>chalcedonensi</strong></span> <span class='ocrx_word' id='word_1_83' title='bbox 1363 969 1392 1016; x_wconf 90' lang='lat' dir='ltr'><strong>et</strong></span> 
     </span>
     <span class='ocr_line' id='line_1_10' title="bbox 291 1031 1393 1102; baseline -0.001 -16"><span class='ocrx_word' id='word_1_84' title='bbox 291 1034 359 1102; x_wconf 90' lang='lat' dir='ltr'><strong>apud</strong></span> <span class='ocrx_word' id='word_1_85' title='bbox 383 1033 564 1102; x_wconf 80' lang='lat' dir='ltr'><strong>Theophanem</strong></span> <span class='ocrx_word' id='word_1_86' title='bbox 583 1032 794 1084; x_wconf 75' lang='lat' dir='ltr'><strong>archimandritae</strong></span> <span class='ocrx_word' id='word_1_87' title='bbox 814 1036 870 1093; x_wconf 81' lang='lat' dir='ltr'><strong>est,</strong></span> <span class='ocrx_word' id='word_1_88' title='bbox 894 1033 963 1101; x_wconf 90' lang='lat' dir='ltr'><strong>apud</strong></span> <span class='ocrx_word' id='word_1_89' title='bbox 979 1032 1143 1085; x_wconf 86' lang='lat' dir='ltr'><strong>Theodorum</strong></span> <span class='ocrx_word' id='word_1_90' title='bbox 1161 1032 1340 1102; x_wconf 79' lang='lat' dir='ltr'><strong>presbyterum</strong></span> <span class='ocrx_word' id='word_1_91' title='bbox 1358 1031 1393 1085; x_wconf 87' lang='lat' dir='ltr'><strong>ds</strong></span> 
     </span>
     <span class='ocr_line' id='line_1_11' title="bbox 292 1090 1391 1170; baseline -0.002 -16"><span class='ocrx_word' id='word_1_92' title='bbox 292 1104 397 1155; x_wconf 87' lang='lat' dir='ltr'><strong>Incarn.</strong></span> <span class='ocrx_word' id='word_1_93' title='bbox 423 1101 515 1154; x_wconf 87' lang='lat' dir='ltr'><strong>domini</strong></span> <span class='ocrx_word' id='word_1_94' title='bbox 539 1101 590 1154; x_wconf 78' lang='lat' dir='ltr'><strong>roni</strong></span> <span class='ocrx_word' id='word_1_95' title='bbox 612 1095 785 1170; x_wconf 60' lang='grc' dir='ltr'>ἡγουμένους</span> <span class='ocrx_word' id='word_1_96' title='bbox 808 1095 825 1153; x_wconf 84' lang='lat' dir='ltr'><strong>d</strong></span> <span class='ocrx_word' id='word_1_97' title='bbox 843 1093 970 1170; x_wconf 73' lang='grc' dir='ltr'><strong>Εὖτυχὴς</strong></span> <span class='ocrx_word' id='word_1_98' title='bbox 987 1095 1018 1162; x_wconf 76' lang='grc' dir='ltr'><strong>ὃς</strong></span> <span class='ocrx_word' id='word_1_99' title='bbox 1032 1090 1069 1170; x_wconf 80' lang='grc' dir='ltr'><strong>ἦν</strong></span> <span class='ocrx_word' id='word_1_100' title='bbox 1084 1095 1237 1170; x_wconf 73' lang='grc' dir='ltr'>ἡγούμενος</span> <span class='ocrx_word' id='word_1_101' title='bbox 1252 1116 1391 1170; x_wconf 78' lang='grc' dir='ltr'>μουυοτη-</span> 
     </span>
     <span class='ocr_line' id='line_1_12' title="bbox 292 1163 1394 1239; baseline 0.001 -17"><span class='ocrx_word' id='word_1_102' title='bbox 292 1171 355 1239; x_wconf 84' lang='grc' dir='ltr'>ρίου</span> <span class='ocrx_word' id='word_1_103' title='bbox 374 1163 453 1238; x_wconf 69' lang='grc' dir='ltr'>ἑνός,</span> <span class='ocrx_word' id='word_1_104' title='bbox 474 1169 566 1238; x_wconf 89' lang='lat' dir='ltr'><strong>inquit.</strong></span> <span class='ocrx_word' id='word_1_105' title='bbox 583 1168 650 1223; x_wconf 89' lang='lat' dir='ltr'><strong>idem</strong></span> <span class='ocrx_word' id='word_1_106' title='bbox 668 1175 710 1222; x_wconf 85' lang='lat' dir='ltr'><strong>est</strong></span> <span class='ocrx_word' id='word_1_107' title='bbox 727 1170 809 1238; x_wconf 81' lang='lat' dir='ltr'><strong>igitar</strong></span> <span class='ocrx_word' id='word_1_108' title='bbox 827 1165 1043 1239; x_wconf 74' lang='grc' dir='ltr'>ἅρχιμανδρίτης</span> <span class='ocrx_word' id='word_1_109' title='bbox 1062 1171 1106 1238; x_wconf 89' lang='lat' dir='ltr'><strong>qni</strong></span> <span class='ocrx_word' id='word_1_110' title='bbox 1127 1165 1295 1238; x_wconf 67' lang='grc' dir='ltr'>ἡγούμενος,</span> <span class='ocrx_word' id='word_1_111' title='bbox 1313 1170 1394 1223; x_wconf 80' lang='lat' dir='ltr'><strong>enias</strong></span> 
     </span>
     <span class='ocr_line' id='line_1_13' title="bbox 292 1239 1393 1308; baseline -0.003 -15"><span class='ocrx_word' id='word_1_112' title='bbox 292 1243 372 1293; x_wconf 85' lang='lat' dir='ltr'><strong>solius</strong></span> <span class='ocrx_word' id='word_1_113' title='bbox 391 1239 541 1292; x_wconf 82' lang='lat' dir='ltr'><strong>monosterii</strong></span> <span class='ocrx_word' id='word_1_114' title='bbox 560 1239 655 1306; x_wconf 84' lang='lat' dir='ltr'><strong>obbas,</strong></span> <span class='ocrx_word' id='word_1_115' title='bbox 671 1245 765 1308; x_wconf 82' lang='lat' dir='ltr'><strong>poter,</strong></span> <span class='ocrx_word' id='word_1_116' title='bbox 782 1241 900 1307; x_wconf 80' lang='lat' dir='ltr'><strong>asperior</strong></span> <span class='ocrx_word' id='word_1_117' title='bbox 924 1255 956 1292; x_wconf 87' lang='grc' dir='ltr'><strong>οο</strong></span> <span class='ocrx_word' id='word_1_118' title='bbox 970 1241 1071 1292; x_wconf 82' lang='lat' dir='ltr'><strong>Rcctor.</strong></span> <span class='ocrx_word' id='word_1_119' title='bbox 1101 1239 1214 1292; x_wconf 83' lang='lat' dir='ltr'><strong>secundo</strong></span> <span class='ocrx_word' id='word_1_120' title='bbox 1232 1245 1317 1292; x_wconf 71' lang='lat' dir='ltr'><strong>manen</strong></span> <span class='ocrx_word' id='word_1_121' title='bbox 1330 1255 1393 1290; x_wconf 90' lang='lat' dir='ltr'><strong>sen-</strong></span> 
     </span>
     <span class='ocr_line' id='line_1_14' title="bbox 293 1307 1392 1378; baseline -0.001 -18"><span class='ocrx_word' id='word_1_122' title='bbox 293 1309 333 1361; x_wconf 89' lang='lat' dir='ltr'><strong>sui</strong></span> <span class='ocrx_word' id='word_1_123' title='bbox 345 1325 396 1360; x_wconf 90' lang='lat' dir='ltr'><strong>non</strong></span> <span class='ocrx_word' id='word_1_124' title='bbox 407 1307 481 1360; x_wconf 89' lang='lat' dir='ltr'><strong>deest</strong></span> <span class='ocrx_word' id='word_1_125' title='bbox 496 1307 629 1376; x_wconf 83' lang='lat' dir='ltr'><strong>multiplex</strong></span> <span class='ocrx_word' id='word_1_126' title='bbox 649 1307 782 1378; x_wconf 88' lang='lat' dir='ltr'><strong>probatio,</strong></span> <span class='ocrx_word' id='word_1_127' title='bbox 797 1307 894 1376; x_wconf 84' lang='lat' dir='ltr'><strong>prima,</strong></span> <span class='ocrx_word' id='word_1_128' title='bbox 911 1308 978 1377; x_wconf 89' lang='lat' dir='ltr'><strong>quod</strong></span> <span class='ocrx_word' id='word_1_129' title='bbox 995 1307 1091 1378; x_wconf 87' lang='lat' dir='ltr'><strong>privati</strong></span> <span class='ocrx_word' id='word_1_130' title='bbox 1110 1307 1258 1361; x_wconf 88' lang='lat' dir='ltr'><strong>monasterii</strong></span> <span class='ocrx_word' id='word_1_131' title='bbox 1274 1307 1392 1377; x_wconf 76' lang='lat' dir='ltr'><strong>superior</strong></span> 
     </span>
     <span class='ocr_line' id='line_1_15' title="bbox 293 1371 1393 1446; baseline -0.003 -16"><span class='ocrx_word' id='word_1_132' title='bbox 293 1393 343 1430; x_wconf 91' lang='lat' dir='ltr'><strong>non</strong></span> <span class='ocrx_word' id='word_1_133' title='bbox 355 1376 468 1446; x_wconf 88' lang='lat' dir='ltr'><strong>patiatur</strong></span> <span class='ocrx_word' id='word_1_134' title='bbox 487 1377 521 1428; x_wconf 84' lang='lat' dir='ltr'><strong>oh</strong></span> <span class='ocrx_word' id='word_1_135' title='bbox 538 1377 654 1428; x_wconf 89' lang='lat' dir='ltr'><strong>humilem</strong></span> <span class='ocrx_word' id='word_1_136' title='bbox 670 1375 741 1427; x_wconf 90' lang='lat' dir='ltr'><strong>nimis</strong></span> <span class='ocrx_word' id='word_1_137' title='bbox 760 1383 853 1428; x_wconf 83' lang='lat' dir='ltr'><strong>statura</strong></span> <span class='ocrx_word' id='word_1_138' title='bbox 870 1394 900 1429; x_wconf 88' lang='lat' dir='ltr'><strong>se</strong></span> <span class='ocrx_word' id='word_1_139' title='bbox 915 1371 1133 1445; x_wconf 72' lang='grc' dir='ltr'>ἅρχιμανδρίυην</span> <span class='ocrx_word' id='word_1_140' title='bbox 1147 1381 1251 1442; x_wconf 80' lang='lat' dir='ltr'><strong>vocarl3</strong></span> <span class='ocrx_word' id='word_1_141' title='bbox 1270 1376 1393 1442; x_wconf 58' lang='lat' dir='ltr'><strong>secundae</strong></span> 
     </span>
     <span class='ocr_line' id='line_1_16' title="bbox 292 1445 1394 1516; baseline -0.002 -18"><span class='ocrx_word' id='word_1_142' title='bbox 292 1446 360 1515; x_wconf 87' lang='lat' dir='ltr'><strong>quod</strong></span> <span class='ocrx_word' id='word_1_143' title='bbox 377 1462 432 1498; x_wconf 87' lang='lat' dir='ltr'><strong>earn</strong></span> <span class='ocrx_word' id='word_1_144' title='bbox 450 1452 548 1498; x_wconf 88' lang='lat' dir='ltr'><strong>tantum</strong></span> <span class='ocrx_word' id='word_1_145' title='bbox 570 1445 711 1498; x_wconf 74' lang='lat' dir='ltr'><strong>sustineant</strong></span> <span class='ocrx_word' id='word_1_146' title='bbox 726 1445 921 1513; x_wconf 77' lang='lat' dir='ltr'><strong>appellationem</strong></span> <span class='ocrx_word' id='word_1_147' title='bbox 940 1446 983 1514; x_wconf 89' lang='lat' dir='ltr'><strong>qui</strong></span> <span class='ocrx_word' id='word_1_148' title='bbox 1000 1447 1075 1515; x_wconf 86' lang='lat' dir='ltr'><strong>plura</strong></span> <span class='ocrx_word' id='word_1_149' title='bbox 1090 1452 1184 1514; x_wconf 81' lang='lat' dir='ltr'><strong>regnat</strong></span> <span class='ocrx_word' id='word_1_150' title='bbox 1199 1446 1256 1498; x_wconf 88' lang='lat' dir='ltr'><strong>inre</strong></span> <span class='ocrx_word' id='word_1_151' title='bbox 1272 1460 1394 1516; x_wconf 86' lang='lat' dir='ltr'><strong>supremo</strong></span> 
     </span>
     <span class='ocr_line' id='line_1_17' title="bbox 292 1512 1392 1586; baseline -0.004 -17"><span class='ocrx_word' id='word_1_152' title='bbox 292 1514 462 1582; x_wconf 82' lang='lat' dir='ltr'><strong>monasteria,</strong></span> <span class='ocrx_word' id='word_1_153' title='bbox 480 1513 523 1566; x_wconf 84' lang='lat' dir='ltr'><strong>vel</strong></span> <span class='ocrx_word' id='word_1_154' title='bbox 532 1513 575 1582; x_wconf 93' lang='lat' dir='ltr'><strong>qui</strong></span> <span class='ocrx_word' id='word_1_155' title='bbox 586 1513 675 1566; x_wconf 86' lang='lat' dir='ltr'><strong>saltem</strong></span> <span class='ocrx_word' id='word_1_156' title='bbox 686 1512 774 1566; x_wconf 89' lang='lat' dir='ltr'><strong>maiori</strong></span> <span class='ocrx_word' id='word_1_157' title='bbox 785 1521 908 1582; x_wconf 88' lang='lat' dir='ltr'><strong>praesunt</strong></span> <span class='ocrx_word' id='word_1_158' title='bbox 923 1514 1076 1567; x_wconf 86' lang='lat' dir='ltr'><strong>monasterio</strong></span> <span class='ocrx_word' id='word_1_159' title='bbox 1087 1515 1128 1566; x_wconf 89' lang='lat' dir='ltr'><strong>cai</strong></span> <span class='ocrx_word' id='word_1_160' title='bbox 1138 1515 1214 1586; x_wconf 90' lang='lat' dir='ltr'><strong>plura</strong></span> <span class='ocrx_word' id='word_1_161' title='bbox 1224 1513 1392 1568; x_wconf 87' lang='lat' dir='ltr'><strong>subiicinntur</strong></span> 
     </span>
     <span class='ocr_line' id='line_1_18' title="bbox 291 1579 1393 1652; baseline -0.002 -17"><span class='ocrx_word' id='word_1_162' title='bbox 291 1579 436 1652; x_wconf 78' lang='grc' dir='ltr'><strong>μετόχειοι,</strong></span> <span class='ocrx_word' id='word_1_163' title='bbox 460 1582 531 1634; x_wconf 84' lang='lat' dir='ltr'><strong>velut</strong></span> <span class='ocrx_word' id='word_1_164' title='bbox 548 1581 658 1650; x_wconf 88' lang='lat' dir='ltr'><strong>antiquis</strong></span> <span class='ocrx_word' id='word_1_165' title='bbox 676 1581 772 1635; x_wconf 86' lang='lat' dir='ltr'><strong>uostris</strong></span> <span class='ocrx_word' id='word_1_166' title='bbox 790 1583 901 1635; x_wconf 88' lang='lat' dir='ltr'><strong>abbatiis</strong></span> <span class='ocrx_word' id='word_1_167' title='bbox 920 1583 1028 1636; x_wconf 90' lang='lat' dir='ltr'><strong>minores</strong></span> <span class='ocrx_word' id='word_1_168' title='bbox 1044 1582 1191 1652; x_wconf 82' lang='lat' dir='ltr'><strong>prioratus3</strong></span> <span class='ocrx_word' id='word_1_169' title='bbox 1212 1583 1306 1647; x_wconf 84' lang='lat' dir='ltr'><strong>tertia,</strong></span> <span class='ocrx_word' id='word_1_170' title='bbox 1323 1581 1393 1651; x_wconf 89' lang='lat' dir='ltr'><strong>qnod</strong></span> 
     </span>
     <span class='ocr_line' id='line_1_19' title="bbox 291 1648 1394 1721; baseline 0 -18"><span class='ocrx_word' id='word_1_171' title='bbox 291 1653 319 1704; x_wconf 87' lang='lat' dir='ltr'><strong>in</strong></span> <span class='ocrx_word' id='word_1_172' title='bbox 337 1657 410 1703; x_wconf 82' lang='lat' dir='ltr'><strong>textu</strong></span> <span class='ocrx_word' id='word_1_173' title='bbox 427 1667 502 1719; x_wconf 88' lang='lat' dir='ltr'><strong>quem</strong></span> <span class='ocrx_word' id='word_1_174' title='bbox 524 1649 697 1703; x_wconf 87' lang='lat' dir='ltr'><strong>elucubramus</strong></span> <span class='ocrx_word' id='word_1_175' title='bbox 722 1650 874 1720; x_wconf 88' lang='lat' dir='ltr'><strong>interposita</strong></span> <span class='ocrx_word' id='word_1_176' title='bbox 890 1653 957 1704; x_wconf 82' lang='lat' dir='ltr'><strong>inter</strong></span> <span class='ocrx_word' id='word_1_177' title='bbox 974 1648 1189 1721; x_wconf 74' lang='grc' dir='ltr'><strong>ἅρχιμανὸρίτυς</strong></span> <span class='ocrx_word' id='word_1_178' title='bbox 1206 1657 1233 1703; x_wconf 90' lang='lat' dir='ltr'><strong>et</strong></span> <span class='ocrx_word' id='word_1_179' title='bbox 1249 1653 1394 1719; x_wconf 71' lang='grc' dir='ltr'><strong>καθηγου-</strong></span> 
     </span>
     <span class='ocr_line' id='line_1_20' title="bbox 287 1715 1395 1788; baseline -0.001 -16"><span class='ocrx_word' id='word_1_180' title='bbox 287 1715 392 1788; x_wconf 78' lang='grc' dir='ltr'>μένους</span> <span class='ocrx_word' id='word_1_181' title='bbox 415 1715 662 1787; x_wconf 72' lang='grc' dir='ltr'>πρωοοουγκέλλων</span> <span class='ocrx_word' id='word_1_182' title='bbox 691 1719 817 1787; x_wconf 83' lang='lat' dir='ltr'><strong>dignitate</strong></span> <span class='ocrx_word' id='word_1_183' title='bbox 843 1722 877 1772; x_wconf 90' lang='lat' dir='ltr'><strong>ab</strong></span> <span class='ocrx_word' id='word_1_184' title='bbox 899 1720 1007 1772; x_wconf 85' lang='lat' dir='ltr'><strong>invicem</strong></span> <span class='ocrx_word' id='word_1_185' title='bbox 1031 1721 1177 1788; x_wconf 79' lang='lat' dir='ltr'><strong>longissima</strong></span> <span class='ocrx_word' id='word_1_186' title='bbox 1199 1720 1306 1772; x_wconf 81' lang='lat' dir='ltr'><strong>differre</strong></span> <span class='ocrx_word' id='word_1_187' title='bbox 1322 1737 1395 1771; x_wconf 88' lang='lat' dir='ltr'><strong>com·</strong></span> 
     </span>
     <span class='ocr_line' id='line_1_21' title="bbox 292 1783 1395 1859; baseline -0.003 -14"><span class='ocrx_word' id='word_1_188' title='bbox 292 1795 479 1850; x_wconf 77' lang='lat' dir='ltr'><strong>monstrantur,</strong></span> <span class='ocrx_word' id='word_1_189' title='bbox 496 1788 546 1840; x_wconf 87' lang='lat' dir='ltr'><strong>imo</strong></span> <span class='ocrx_word' id='word_1_190' title='bbox 564 1789 692 1859; x_wconf 86' lang='lat' dir='ltr'><strong>particula</strong></span> <span class='ocrx_word' id='word_1_191' title='bbox 711 1805 875 1857; x_wconf 79' lang='lat' dir='ltr'><strong>exaggerans</strong></span> <span class='ocrx_word' id='word_1_192' title='bbox 890 1783 962 1843; x_wconf 72' lang='lat' dir='ltr'><strong>cillo!</strong></span> <span class='ocrx_word' id='word_1_193' title='bbox 978 1807 1021 1843; x_wconf 89' lang='lat' dir='ltr'><strong>res</strong></span> <span class='ocrx_word' id='word_1_194' title='bbox 1035 1791 1135 1843; x_wconf 87' lang='lat' dir='ltr'><strong>omnino</strong></span> <span class='ocrx_word' id='word_1_195' title='bbox 1151 1789 1266 1842; x_wconf 61' lang='lat' dir='ltr'><strong>dirutas</strong></span> <span class='ocrx_word' id='word_1_196' title='bbox 1278 1788 1395 1842; x_wconf 82' lang='lat' dir='ltr'><strong>indicare</strong></span> 
     </span>
     <span class='ocr_line' id='line_1_22' title="bbox 292 1855 1394 1929; baseline 0 -19"><span class='ocrx_word' id='word_1_197' title='bbox 292 1858 413 1918; x_wconf 82' lang='lat' dir='ltr'><strong>declarat.</strong></span> <span class='ocrx_word' id='word_1_198' title='bbox 436 1857 528 1910; x_wconf 88' lang='lat' dir='ltr'><strong>transit</strong></span> <span class='ocrx_word' id='word_1_199' title='bbox 539 1855 565 1908; x_wconf 93' lang='lat' dir='ltr'><strong>in</strong></span> <span class='ocrx_word' id='word_1_200' title='bbox 583 1858 696 1912; x_wconf 86' lang='lat' dir='ltr'><strong>auctoris</strong></span> <span class='ocrx_word' id='word_1_201' title='bbox 707 1859 791 1912; x_wconf 88' lang='lat' dir='ltr'><strong>nostri</strong></span> <span class='ocrx_word' id='word_1_202' title='bbox 807 1863 916 1911; x_wconf 87' lang='lat' dir='ltr'><strong>mentem</strong></span> <span class='ocrx_word' id='word_1_203' title='bbox 931 1857 1096 1911; x_wconf 89' lang='lat' dir='ltr'><strong>illustrissimi</strong></span> <span class='ocrx_word' id='word_1_204' title='bbox 1114 1857 1238 1929; x_wconf 85' lang='lat' dir='ltr'><strong>praesulis</strong></span> <span class='ocrx_word' id='word_1_205' title='bbox 1251 1857 1394 1912; x_wconf 85' lang='lat' dir='ltr'><strong>Vabrensis</strong></span> 
     </span>
     <span class='ocr_line' id='line_1_23' title="bbox 292 1919 1393 2066; baseline -0.001 -19"><span class='ocrx_word' id='word_1_206' title='bbox 292 1920 1109 2066; x_wconf 41' lang='lat' dir='ltr'><strong>2tllit¹33titillatalilrt¹¹ttti0itlls⁶tttt</strong></span> <span class='ocrx_word' id='word_1_207' title='bbox 1128 1923 1179 2048; x_wconf 68' lang='lat' dir='ltr'><strong>:sl</strong></span> <span class='ocrx_word' id='word_1_208' title='bbox 1198 1919 1393 2048; x_wconf 51' lang='lat' dir='ltr'><strong>{linisset</strong></span> 
     </span>
     <span class='ocr_line' id='line_1_24' title="bbox 291 2037 1393 2134; baseline 0 -19"><span class='ocrx_word' id='word_1_209' title='bbox 291 2070 321 2115; x_wconf 91' lang='lat' dir='ltr'><strong>ut</strong></span> <span class='ocrx_word' id='word_1_210' title='bbox 336 2064 460 2133; x_wconf 88' lang='lat' dir='ltr'><strong>plurium,</strong></span> <span class='ocrx_word' id='word_1_211' title='bbox 479 2079 584 2131; x_wconf 87' lang='lat' dir='ltr'><strong>qnorum</strong></span> <span class='ocrx_word' id='word_1_212' title='bbox 602 2071 631 2116; x_wconf 88' lang='lat' dir='ltr'><strong>ut</strong></span> <span class='ocrx_word' id='word_1_213' title='bbox 649 2081 699 2118; x_wconf 89' lang='lat' dir='ltr'><strong>una</strong></span> <span class='ocrx_word' id='word_1_214' title='bbox 719 2081 769 2117; x_wconf 91' lang='lat' dir='ltr'><strong>nnn</strong></span> <span class='ocrx_word' id='word_1_215' title='bbox 788 2071 828 2118; x_wconf 89' lang='lat' dir='ltr'><strong>est</strong></span> <span class='ocrx_word' id='word_1_216' title='bbox 844 2037 1049 2134; x_wconf 62' lang='lat' dir='ltr'><strong>appellatio‚&#39;ita</strong></span> <span class='ocrx_word' id='word_1_217' title='bbox 1066 2082 1115 2117; x_wconf 90' lang='lat' dir='ltr'><strong>nec</strong></span> <span class='ocrx_word' id='word_1_218' title='bbox 1133 2081 1209 2116; x_wconf 89' lang='lat' dir='ltr'><strong>unum</strong></span> <span class='ocrx_word' id='word_1_219' title='bbox 1225 2064 1337 2116; x_wconf 82' lang='lat' dir='ltr'><strong>officium</strong></span> <span class='ocrx_word' id='word_1_220' title='bbox 1349 2065 1393 2114; x_wconf 80' lang='lat' dir='ltr'><strong>fn-</strong></span> 
     </span>
     <span class='ocr_line' id='line_1_25' title="bbox 292 2127 1393 2218; baseline -0.002 -34"><span class='ocrx_word' id='word_1_221' title='bbox 292 2133 345 2185; x_wconf 86' lang='lat' dir='ltr'><strong>isse</strong></span> <span class='ocrx_word' id='word_1_222' title='bbox 361 2139 457 2185; x_wconf 83' lang='lat' dir='ltr'><strong>temere</strong></span> <span class='ocrx_word' id='word_1_223' title='bbox 465 2133 612 2218; x_wconf 76' lang='lat' dir='ltr'><strong>putandum</strong></span> <span class='ocrx_word' id='word_1_224' title='bbox 634 2139 684 2187; x_wconf 85' lang='lat' dir='ltr'><strong>est.</strong></span> <span class='ocrx_word' id='word_1_225' title='bbox 706 2141 837 2186; x_wconf 85' lang='lat' dir='ltr'><strong>caeterum</strong></span> <span class='ocrx_word' id='word_1_226' title='bbox 854 2151 931 2203; x_wconf 87' lang='lat' dir='ltr'><strong>quem</strong></span> <span class='ocrx_word' id='word_1_227' title='bbox 951 2136 1147 2188; x_wconf 81' lang='lat' dir='ltr'><strong>Cantscnzenns</strong></span> <span class='ocrx_word' id='word_1_228' title='bbox 1166 2138 1180 2188; x_wconf 89' lang='lat'>1</span> <span class='ocrx_word' id='word_1_229' title='bbox 1197 2134 1276 2188; x_wconf 77' lang='lat' dir='ltr'><strong>asca</strong></span> <span class='ocrx_word' id='word_1_230' title='bbox 1292 2134 1329 2186; x_wconf 73' lang='lat'><strong>83</strong></span> <span class='ocrx_word' id='word_1_231' title='bbox 1341 2127 1393 2184; x_wconf 76' lang='lat' dir='ltr'><strong>adv</strong></span> 
     </span>
     <span class='ocr_line' id='line_1_26' title="bbox 292 2195 1394 2272; baseline 0 -20"><span class='ocrx_word' id='word_1_232' title='bbox 292 2201 345 2252; x_wconf 82' lang='grc' dir='ltr'><strong>τοῦ</strong></span> <span class='ocrx_word' id='word_1_233' title='bbox 363 2195 444 2268; x_wconf 77' lang='grc' dir='ltr'>ἁγίου</span> <span class='ocrx_word' id='word_1_234' title='bbox 462 2219 546 2266; x_wconf 69' lang='lat' dir='ltr'><strong>nonne</strong></span> <span class='ocrx_word' id='word_1_235' title='bbox 562 2203 674 2267; x_wconf 76' lang='grc' dir='ltr'>πρῶτον</span> <span class='ocrx_word' id='word_1_236' title='bbox 691 2202 760 2255; x_wconf 74' lang='lat' dir='ltr'><strong>mori</strong></span> <span class='ocrx_word' id='word_1_237' title='bbox 776 2206 886 2271; x_wconf 81' lang='lat' dir='ltr'><strong>montis,</strong></span> <span class='ocrx_word' id='word_1_238' title='bbox 908 2202 950 2255; x_wconf 87' lang='lat' dir='ltr'><strong>nbi</strong></span> <span class='ocrx_word' id='word_1_239' title='bbox 970 2203 1045 2272; x_wconf 88' lang='lat' dir='ltr'><strong>plura</strong></span> <span class='ocrx_word' id='word_1_240' title='bbox 1061 2201 1212 2255; x_wconf 82' lang='lat' dir='ltr'><strong>monasteria</strong></span> <span class='ocrx_word' id='word_1_241' title='bbox 1227 2202 1346 2256; x_wconf 63' lang='lat' dir='ltr'><strong>amur</strong></span> <span class='ocrx_word' id='word_1_242' title='bbox 1364 2206 1394 2252; x_wconf 87' lang='lat' dir='ltr'><strong>et</strong></span> 
     </span>
     <span class='ocr_line' id='line_1_27' title="bbox 292 2269 1394 2342; baseline 0.003 -23"><span class='ocrx_word' id='word_1_243' title='bbox 292 2269 325 2320; x_wconf 88' lang='lat' dir='ltr'><strong>ad</strong></span> <span class='ocrx_word' id='word_1_244' title='bbox 343 2279 454 2336; x_wconf 86' lang='lat' dir='ltr'><strong>quatuor</strong></span> <span class='ocrx_word' id='word_1_245' title='bbox 470 2269 539 2322; x_wconf 90' lang='lat' dir='ltr'><strong>milia</strong></span> <span class='ocrx_word' id='word_1_246' title='bbox 555 2272 732 2322; x_wconf 88' lang='lat' dir='ltr'><strong>monachorum</strong></span> <span class='ocrx_word' id='word_1_247' title='bbox 751 2271 866 2338; x_wconf 80' lang='lat' dir='ltr'><strong>degunt,</strong></span> <span class='ocrx_word' id='word_1_248' title='bbox 886 2277 1049 2342; x_wconf 81' lang='lat' dir='ltr'><strong>praesectum</strong></span> <span class='ocrx_word' id='word_1_249' title='bbox 1065 2277 1159 2338; x_wconf 86' lang='lat' dir='ltr'><strong>vocat,</strong></span> <span class='ocrx_word' id='word_1_250' title='bbox 1174 2271 1249 2326; x_wconf 88' lang='lat' dir='ltr'><strong>alium</strong></span> <span class='ocrx_word' id='word_1_251' title='bbox 1268 2286 1325 2332; x_wconf 82' lang='lat' dir='ltr'><strong>esse</strong></span> <span class='ocrx_word' id='word_1_252' title='bbox 1341 2286 1394 2322; x_wconf 89' lang='lat' dir='ltr'><strong>non</strong></span> 
     </span>
     <span class='ocr_line' id='line_1_28' title="bbox 293 2337 916 2406; baseline 0.008 -17"><span class='ocrx_word' id='word_1_253' title='bbox 293 2353 354 2389; x_wconf 88' lang='lat' dir='ltr'><strong>reor</strong></span> <span class='ocrx_word' id='word_1_254' title='bbox 372 2337 405 2389; x_wconf 89' lang='lat' dir='ltr'><strong>ab</strong></span> <span class='ocrx_word' id='word_1_255' title='bbox 424 2354 469 2402; x_wconf 86' lang='lat' dir='ltr'><strong>ao,</strong></span> <span class='ocrx_word' id='word_1_256' title='bbox 487 2338 584 2406; x_wconf 88' lang='lat' dir='ltr'><strong>dequo</strong></span> <span class='ocrx_word' id='word_1_257' title='bbox 600 2355 698 2405; x_wconf 85' lang='lat' dir='ltr'><strong>sermo,</strong></span> <span class='ocrx_word' id='word_1_258' title='bbox 714 2339 916 2394; x_wconf 87' lang='lat' dir='ltr'><strong>archimandrite.</strong></span> 
     </span>
    </p>
   </div>
   <div class='ocr_carea' id='block_1_3' title="bbox 184 2449 1429 4406">
    <p class='ocr_par' dir='ltr' id='par_1_3' title="bbox 289 2449 1393 2951">
     <span class='ocr_line' id='line_1_29' title="bbox 312 2449 1392 2533; baseline 0.002 -25"><span class='ocrx_word' id='word_1_259' title='bbox 312 2485 315 2492; x_wconf 71' lang='lat'><em>›</em></span> <span class='ocrx_word' id='word_1_260' title='bbox 376 2451 412 2510; x_wconf 81' lang='lat' dir='ltr'><strong>ab.</strong></span> <span class='ocrx_word' id='word_1_261' title='bbox 432 2450 526 2512; x_wconf 78' lang='lat' dir='ltr'><strong>v.13.</strong></span> <span class='ocrx_word' id='word_1_262' title='bbox 555 2457 691 2510; x_wconf 84' lang='lat' dir='ltr'><strong>memorat</strong></span> <span class='ocrx_word' id='word_1_263' title='bbox 716 2449 761 2510; x_wconf 91' lang='lat' dir='ltr'><strong>hic</strong></span> <span class='ocrx_word' id='word_1_264' title='bbox 776 2452 951 2530; x_wconf 82' lang='lat' dir='ltr'><strong>Cmopolata</strong></span> <span class='ocrx_word' id='word_1_265' title='bbox 969 2454 1182 2533; x_wconf 74' lang='lat' dir='ltr'><strong>protosyncelloa.</strong></span> <span class='ocrx_word' id='word_1_266' title='bbox 1205 2452 1304 2514; x_wconf 85' lang='lat' dir='ltr'><strong>Iunius</strong></span> <span class='ocrx_word' id='word_1_267' title='bbox 1324 2453 1392 2530; x_wconf 82' lang='lat' dir='ltr'><strong>legit</strong></span> 
     </span>
     <span class='ocr_line' id='line_1_30' title="bbox 289 2534 1393 2621; baseline 0.012 -30"><span class='ocrx_word' id='word_1_268' title='bbox 289 2535 494 2613; x_wconf 75' lang='lat' dir='ltr'><strong>protosysageloa.</strong></span> <span class='ocrx_word' id='word_1_269' title='bbox 535 2539 755 2612; x_wconf 77' lang='lat' dir='ltr'><strong>noscomposs&#39;to,</strong></span> <span class='ocrx_word' id='word_1_270' title='bbox 780 2537 889 2613; x_wconf 88' lang='lat' dir='ltr'><strong>inquit,</strong></span> <span class='ocrx_word' id='word_1_271' title='bbox 908 2557 947 2607; x_wconf 74' lang='lat' dir='ltr'><strong>ex</strong></span> <span class='ocrx_word' id='word_1_272' title='bbox 959 2541 1079 2619; x_wconf 74' lang='grc' dir='ltr'>πρῶτος</span> <span class='ocrx_word' id='word_1_273' title='bbox 1091 2544 1121 2598; x_wconf 84' lang='lat' dir='ltr'><strong>et</strong></span> <span class='ocrx_word' id='word_1_274' title='bbox 1135 2534 1295 2621; x_wconf 61' lang='lat' dir='ltr'><strong>niwelen,</strong></span> <span class='ocrx_word' id='word_1_275' title='bbox 1324 2538 1393 2617; x_wconf 67' lang='lat' dir='ltr'><strong>qnod</strong></span> 
     </span>
     <span class='ocr_line' id='line_1_31' title="bbox 292 2613 1391 2702; baseline 0.005 -25"><span class='ocrx_word' id='word_1_276' title='bbox 292 2638 384 2678; x_wconf 84' lang='lat' dir='ltr'><strong>nomen</strong></span> <span class='ocrx_word' id='word_1_277' title='bbox 404 2625 443 2678; x_wconf 80' lang='lat' dir='ltr'><strong>est</strong></span> <span class='ocrx_word' id='word_1_278' title='bbox 461 2638 510 2698; x_wconf 80' lang='lat' dir='ltr'><strong>pes</strong></span> <span class='ocrx_word' id='word_1_279' title='bbox 529 2639 656 2697; x_wconf 69' lang='lat' dir='ltr'><strong>syncopen</strong></span> <span class='ocrx_word' id='word_1_280' title='bbox 673 2621 832 2698; x_wconf 76' lang='lat' dir='ltr'><strong>dictampno</strong></span> <span class='ocrx_word' id='word_1_281' title='bbox 846 2613 1044 2702; x_wconf 77' lang='grc' dir='ltr'><strong>ουνᾶγγελος,</strong></span> <span class='ocrx_word' id='word_1_282' title='bbox 1062 2624 1092 2682; x_wconf 83' lang='lat' dir='ltr'><strong>s‘d</strong></span> <span class='ocrx_word' id='word_1_283' title='bbox 1105 2630 1161 2700; x_wconf 79' lang='lat' dir='ltr'><strong>est,</strong></span> <span class='ocrx_word' id='word_1_284' title='bbox 1175 2631 1207 2682; x_wconf 85' lang='lat' dir='ltr'><strong>ut</strong></span> <span class='ocrx_word' id='word_1_285' title='bbox 1216 2625 1292 2684; x_wconf 74' lang='lat' dir='ltr'><strong>bodie</strong></span> <span class='ocrx_word' id='word_1_286' title='bbox 1305 2627 1391 2700; x_wconf 83' lang='lat' dir='ltr'><strong>magis</strong></span> 
     </span>
     <span class='ocr_line' id='line_1_32' title="bbox 293 2705 1390 2782; baseline 0.007 -22"><span class='ocrx_word' id='word_1_287' title='bbox 293 2710 424 2782; x_wconf 84' lang='lat' dir='ltr'><strong>receptum</strong></span> <span class='ocrx_word' id='word_1_288' title='bbox 444 2711 499 2779; x_wconf 80' lang='lat' dir='ltr'><strong>est,</strong></span> <span class='ocrx_word' id='word_1_289' title='bbox 527 2705 671 2764; x_wconf 76' lang='lat' dir='ltr'><strong>comobito.</strong></span> <span class='ocrx_word' id='word_1_290' title='bbox 712 2706 806 2764; x_wconf 78' lang='lat' dir='ltr'><strong>sedin</strong></span> <span class='ocrx_word' id='word_1_291' title='bbox 828 2710 866 2764; x_wconf 68' lang='grc' dir='ltr'><strong>οἱα</strong></span> <span class='ocrx_word' id='word_1_292' title='bbox 889 2708 1015 2766; x_wconf 81' lang='lat' dir='ltr'><strong>coenobiis</strong></span> <span class='ocrx_word' id='word_1_293' title='bbox 1028 2708 1252 2771; x_wconf 79' lang='lat' dir='ltr'><strong>orcbimondn&#39;tne</strong></span> <span class='ocrx_word' id='word_1_294' title='bbox 1265 2717 1330 2768; x_wconf 83' lang='lat' dir='ltr'><strong>sant</strong></span> <span class='ocrx_word' id='word_1_295' title='bbox 1343 2710 1390 2768; x_wconf 87' lang='lat' dir='ltr'><strong>ob-</strong></span> 
     </span>
     <span class='ocr_line' id='line_1_33' title="bbox 293 2788 1391 2873; baseline 0.006 -28"><span class='ocrx_word' id='word_1_296' title='bbox 293 2788 366 2846; x_wconf 75' lang='lat' dir='ltr'><strong>icies</strong></span> <span class='ocrx_word' id='word_1_297' title='bbox 376 2808 421 2848; x_wconf 83' lang='lat' dir='ltr'><strong>seu</strong></span> <span class='ocrx_word' id='word_1_298' title='bbox 432 2795 542 2866; x_wconf 80' lang='lat' dir='ltr'><strong>potres,</strong></span> <span class='ocrx_word' id='word_1_299' title='bbox 555 2789 736 2868; x_wconf 76' lang='lat' dir='ltr'><strong>protospageb&#39;</strong></span> <span class='ocrx_word' id='word_1_300' title='bbox 747 2809 808 2848; x_wconf 79' lang='lat' dir='ltr'><strong>nero</strong></span> <span class='ocrx_word' id='word_1_301' title='bbox 824 2811 896 2851; x_wconf 74' lang='lat' dir='ltr'><strong>sanes</strong></span> <span class='ocrx_word' id='word_1_302' title='bbox 905 2796 1009 2870; x_wconf 76' lang='lat' dir='ltr'><strong>quique.</strong></span> <span class='ocrx_word' id='word_1_303' title='bbox 1052 2793 1077 2851; x_wconf 86' lang='lat' dir='ltr'><strong>si</strong></span> <span class='ocrx_word' id='word_1_304' title='bbox 1092 2795 1303 2873; x_wconf 80' lang='lat' dir='ltr'><strong>protosyncelbts</strong></span> <span class='ocrx_word' id='word_1_305' title='bbox 1318 2795 1391 2852; x_wconf 88' lang='lat' dir='ltr'><strong>idem</strong></span> 
     </span>
     <span class='ocr_line' id='line_1_34' title="bbox 293 2871 1391 2951; baseline 0.005 -20"><span class='ocrx_word' id='word_1_306' title='bbox 293 2881 337 2934; x_wconf 85' lang='lat' dir='ltr'><strong>est</strong></span> <span class='ocrx_word' id='word_1_307' title='bbox 358 2875 436 2948; x_wconf 89' lang='lat' dir='ltr'><strong>quod</strong></span> <span class='ocrx_word' id='word_1_308' title='bbox 454 2873 621 2951; x_wconf 82' lang='lat' dir='ltr'><strong>coenobita,</strong></span> <span class='ocrx_word' id='word_1_309' title='bbox 650 2880 717 2934; x_wconf 88' lang='lat' dir='ltr'><strong>tunc</strong></span> <span class='ocrx_word' id='word_1_310' title='bbox 732 2876 823 2934; x_wconf 86' lang='lat' dir='ltr'><strong>omnis</strong></span> <span class='ocrx_word' id='word_1_311' title='bbox 839 2879 992 2936; x_wconf 81' lang='lat' dir='ltr'><strong>monachus</strong></span> <span class='ocrx_word' id='word_1_312' title='bbox 1011 2871 1073 2937; x_wconf 82' lang='lat' dir='ltr'><strong>cuni</strong></span> <span class='ocrx_word' id='word_1_313' title='bbox 1089 2879 1150 2942; x_wconf 75' lang='lat' dir='ltr'><strong>aliis</strong></span> <span class='ocrx_word' id='word_1_314' title='bbox 1167 2879 1198 2936; x_wconf 87' lang='lat' dir='ltr'><strong>in</strong></span> <span class='ocrx_word' id='word_1_315' title='bbox 1221 2879 1391 2938; x_wconf 79' lang='lat' dir='ltr'><strong>monasterio</strong></span> 
     </span>
    </p>

    <p class='ocr_par' dir='ltr' id='par_1_4' title="bbox 184 2959 1392 3381">
     <span class='ocr_line' id='line_1_35' title="bbox 184 2959 1391 3036; baseline 0.002 -18"><span class='ocrx_word' id='word_1_316' title='bbox 184 2968 207 3020; x_wconf 83' lang='grc' dir='ltr'>Ρ</span> <span class='ocrx_word' id='word_1_317' title='bbox 223 2967 276 3023; x_wconf 72' lang='grc'><strong>262</strong></span> <span class='ocrx_word' id='word_1_318' title='bbox 293 2960 400 3036; x_wconf 83' lang='lat' dir='ltr'><strong>degens</strong></span> <span class='ocrx_word' id='word_1_319' title='bbox 419 2960 472 3016; x_wconf 83' lang='lat' dir='ltr'><strong>erit</strong></span> <span class='ocrx_word' id='word_1_320' title='bbox 497 2959 738 3036; x_wconf 85' lang='lat' dir='ltr'><strong>protosyncellus‚</strong></span> <span class='ocrx_word' id='word_1_321' title='bbox 760 2961 827 3035; x_wconf 87' lang='lat' dir='ltr'><strong>quia</strong></span> <span class='ocrx_word' id='word_1_322' title='bbox 842 2963 933 3020; x_wconf 89' lang='lat' dir='ltr'><strong>omnis</strong></span> <span class='ocrx_word' id='word_1_323' title='bbox 945 2963 1009 3020; x_wconf 88' lang='lat' dir='ltr'><strong>talis</strong></span> <span class='ocrx_word' id='word_1_324' title='bbox 1019 2963 1173 3022; x_wconf 84' lang='lat' dir='ltr'><strong>monachus</strong></span> <span class='ocrx_word' id='word_1_325' title='bbox 1181 2970 1227 3022; x_wconf 91' lang='lat' dir='ltr'><strong>est</strong></span> <span class='ocrx_word' id='word_1_326' title='bbox 1235 2965 1391 3024; x_wconf 85' lang='lat' dir='ltr'><strong>coenobita</strong></span> 
     </span>
     <span class='ocr_line' id='line_1_36' title="bbox 293 3043 1392 3124; baseline 0.004 -22"><span class='ocrx_word' id='word_1_327' title='bbox 293 3050 324 3103; x_wconf 89' lang='lat' dir='ltr'><strong>at</strong></span> <span class='ocrx_word' id='word_1_328' title='bbox 343 3045 398 3102; x_wconf 93' lang='lat' dir='ltr'><strong>hoc</strong></span> <span class='ocrx_word' id='word_1_329' title='bbox 415 3044 573 3103; x_wconf 88' lang='lat' dir='ltr'><strong>inauditum</strong></span> <span class='ocrx_word' id='word_1_330' title='bbox 590 3049 642 3102; x_wconf 90' lang='lat' dir='ltr'><strong>est.</strong></span> <span class='ocrx_word' id='word_1_331' title='bbox 686 3043 788 3106; x_wconf 87' lang='lat' dir='ltr'><strong>deiude</strong></span> <span class='ocrx_word' id='word_1_332' title='bbox 805 3047 832 3104; x_wconf 92' lang='lat' dir='ltr'><strong>si</strong></span> <span class='ocrx_word' id='word_1_333' title='bbox 847 3047 1046 3124; x_wconf 85' lang='lat' dir='ltr'><strong>protosyncelli</strong></span> <span class='ocrx_word' id='word_1_334' title='bbox 1067 3054 1135 3107; x_wconf 88' lang='lat' dir='ltr'><strong>sunt</strong></span> <span class='ocrx_word' id='word_1_335' title='bbox 1148 3067 1230 3106; x_wconf 87' lang='lat' dir='ltr'><strong>senes</strong></span> <span class='ocrx_word' id='word_1_336' title='bbox 1244 3049 1392 3124; x_wconf 87' lang='lat' dir='ltr'><strong>quiquein</strong></span> 
     </span>
     <span class='ocr_line' id='line_1_37' title="bbox 292 3129 1391 3210; baseline 0.005 -24"><span class='ocrx_word' id='word_1_337' title='bbox 292 3149 344 3188; x_wconf 92' lang='lat' dir='ltr'><strong>sno</strong></span> <span class='ocrx_word' id='word_1_338' title='bbox 355 3129 475 3204; x_wconf 85' lang='lat' dir='ltr'><strong>ordine,.</strong></span> <span class='ocrx_word' id='word_1_339' title='bbox 495 3129 533 3186; x_wconf 88' lang='lat' dir='ltr'><strong>ad</strong></span> <span class='ocrx_word' id='word_1_340' title='bbox 559 3129 628 3203; x_wconf 88' lang='lat' dir='ltr'><strong>quid</strong></span> <span class='ocrx_word' id='word_1_341' title='bbox 649 3149 721 3207; x_wconf 90' lang='lat' dir='ltr'><strong>opus</strong></span> <span class='ocrx_word' id='word_1_342' title='bbox 741 3129 849 3188; x_wconf 87' lang='lat' dir='ltr'><strong>habent</strong></span> <span class='ocrx_word' id='word_1_343' title='bbox 866 3133 982 3210; x_wconf 87' lang='lat' dir='ltr'><strong>propria</strong></span> <span class='ocrx_word' id='word_1_344' title='bbox 995 3133 1172 3197; x_wconf 79' lang='lat' dir='ltr'><strong>ordinatione</strong></span> <span class='ocrx_word' id='word_1_345' title='bbox 1183 3139 1214 3191; x_wconf 88' lang='lat' dir='ltr'><strong>et</strong></span> <span class='ocrx_word' id='word_1_346' title='bbox 1227 3134 1391 3210; x_wconf 60' lang='lat' dir='ltr'><strong>mantonis,</strong></span> 
     </span>
     <span class='ocr_line' id='line_1_38' title="bbox 293 3211 1392 3294; baseline 0.009 -24"><span class='ocrx_word' id='word_1_347' title='bbox 293 3220 326 3272; x_wconf 91' lang='lat' dir='ltr'><strong>nt</strong></span> <span class='ocrx_word' id='word_1_348' title='bbox 341 3211 594 3277; x_wconf 69' lang='lat' dir='ltr'><strong>archimandritae?</strong></span> <span class='ocrx_word' id='word_1_349' title='bbox 615 3231 681 3272; x_wconf 85' lang='lat' dir='ltr'><strong>nam</strong></span> <span class='ocrx_word' id='word_1_350' title='bbox 697 3219 731 3274; x_wconf 89' lang='lat' dir='ltr'><strong>ut</strong></span> <span class='ocrx_word' id='word_1_351' title='bbox 753 3216 817 3289; x_wconf 86' lang='lat' dir='ltr'><strong>quis</strong></span> <span class='ocrx_word' id='word_1_352' title='bbox 843 3217 884 3275; x_wconf 88' lang='lat' dir='ltr'><strong>sit</strong></span> <span class='ocrx_word' id='word_1_353' title='bbox 900 3237 987 3278; x_wconf 85' lang='lat' dir='ltr'><strong>senex</strong></span> <span class='ocrx_word' id='word_1_354' title='bbox 1000 3223 1051 3277; x_wconf 86' lang='lat' dir='ltr'><strong>aut</strong></span> <span class='ocrx_word' id='word_1_355' title='bbox 1066 3219 1160 3281; x_wconf 76' lang='lat' dir='ltr'><strong>sanim</strong></span> <span class='ocrx_word' id='word_1_356' title='bbox 1173 3218 1204 3276; x_wconf 89' lang='lat' dir='ltr'><strong>in</strong></span> <span class='ocrx_word' id='word_1_357' title='bbox 1218 3239 1271 3279; x_wconf 90' lang='lat' dir='ltr'><strong>sun</strong></span> <span class='ocrx_word' id='word_1_358' title='bbox 1285 3220 1392 3294; x_wconf 83' lang='lat' dir='ltr'><strong>ordine,</strong></span> 
     </span>
     <span class='ocr_line' id='line_1_39' title="bbox 292 3297 1228 3381; baseline 0.009 -25"><span class='ocrx_word' id='word_1_359' title='bbox 292 3300 322 3356; x_wconf 89' lang='lat' dir='ltr'><strong>id</strong></span> <span class='ocrx_word' id='word_1_360' title='bbox 346 3317 406 3358; x_wconf 90' lang='lat' dir='ltr'><strong>uon</strong></span> <span class='ocrx_word' id='word_1_361' title='bbox 419 3298 537 3374; x_wconf 81' lang='lat' dir='ltr'><strong>largitur</strong></span> <span class='ocrx_word' id='word_1_362' title='bbox 551 3297 651 3361; x_wconf 83' lang='lat' dir='ltr'><strong>electio</strong></span> <span class='ocrx_word' id='word_1_363' title='bbox 669 3304 698 3356; x_wconf 88' lang='lat' dir='ltr'><strong>et</strong></span> <span class='ocrx_word' id='word_1_364' title='bbox 712 3302 884 3360; x_wconf 70' lang='lat' dir='ltr'><strong>consecratio</strong></span> <span class='ocrx_word' id='word_1_365' title='bbox 903 3304 955 3360; x_wconf 87' lang='lat' dir='ltr'><strong>sed</strong></span> <span class='ocrx_word' id='word_1_366' title='bbox 970 3309 1083 3381; x_wconf 86' lang='lat' dir='ltr'><strong>tempus</strong></span> <span class='ocrx_word' id='word_1_367' title='bbox 1096 3310 1126 3362; x_wconf 89' lang='lat' dir='ltr'><strong>et</strong></span> <span class='ocrx_word' id='word_1_368' title='bbox 1140 3309 1228 3364; x_wconf 77' lang='lat' dir='ltr'><strong>aetas.</strong></span> 
     </span>
    </p>

    <p class='ocr_par' dir='ltr' id='par_1_5' title="bbox 292 3383 1429 4406">
     <span class='ocr_line' id='line_1_40' title="bbox 378 3383 1391 3466; baseline 0.005 -26"><span class='ocrx_word' id='word_1_369' title='bbox 378 3383 449 3452; x_wconf 87' lang='lat' dir='ltr'><strong>Quis</strong></span> <span class='ocrx_word' id='word_1_370' title='bbox 473 3383 559 3460; x_wconf 83' lang='lat' dir='ltr'><strong>igitur</strong></span> <span class='ocrx_word' id='word_1_371' title='bbox 577 3385 784 3462; x_wconf 82' lang='lat' dir='ltr'><strong>protosyurellos</strong></span> <span class='ocrx_word' id='word_1_372' title='bbox 808 3392 838 3447; x_wconf 86' lang='lat' dir='ltr'><strong>et</strong></span> <span class='ocrx_word' id='word_1_373' title='bbox 857 3385 974 3465; x_wconf 83' lang='lat' dir='ltr'><strong>simplex</strong></span> <span class='ocrx_word' id='word_1_374' title='bbox 995 3389 1146 3466; x_wconf 57' lang='lat' dir='ltr'><strong>mallosi</strong></span> <span class='ocrx_word' id='word_1_375' title='bbox 1173 3389 1239 3448; x_wconf 88' lang='lat' dir='ltr'><strong>olim</strong></span> <span class='ocrx_word' id='word_1_376' title='bbox 1252 3385 1391 3464; x_wconf 87' lang='lat' dir='ltr'><strong>syncellus</strong></span> 
     </span>
     <span class='ocr_line' id='line_1_41' title="bbox 294 3465 1392 3549; baseline 0.005 -27"><span class='ocrx_word' id='word_1_377' title='bbox 294 3465 487 3543; x_wconf 86' lang='lat' dir='ltr'><strong>appellabatur</strong></span> <span class='ocrx_word' id='word_1_378' title='bbox 510 3469 535 3526; x_wconf 94' lang='lat' dir='ltr'><strong>is</strong></span> <span class='ocrx_word' id='word_1_379' title='bbox 558 3469 607 3542; x_wconf 89' lang='lat' dir='ltr'><strong>qui</strong></span> <span class='ocrx_word' id='word_1_380' title='bbox 628 3475 739 3527; x_wconf 85' lang='lat' dir='ltr'><strong>mortno</strong></span> <span class='ocrx_word' id='word_1_381' title='bbox 757 3473 932 3549; x_wconf 89' lang='lat' dir='ltr'><strong>patriarchae</strong></span> <span class='ocrx_word' id='word_1_382' title='bbox 947 3491 1125 3532; x_wconf 88' lang='lat' dir='ltr'><strong>successurus</strong></span> <span class='ocrx_word' id='word_1_383' title='bbox 1141 3479 1210 3532; x_wconf 85' lang='lat' dir='ltr'><strong>erat</strong></span> <span class='ocrx_word' id='word_1_384' title='bbox 1230 3479 1319 3532; x_wconf 79' lang='lat' dir='ltr'><strong>testes</strong></span> <span class='ocrx_word' id='word_1_385' title='bbox 1335 3471 1392 3528; x_wconf 90' lang='lat' dir='ltr'><strong>Zo-</strong></span> 
     </span>
     <span class='ocr_line' id='line_1_42' title="bbox 294 3552 1391 3636; baseline 0.008 -28"><span class='ocrx_word' id='word_1_386' title='bbox 294 3568 378 3608; x_wconf 86' lang='lat' dir='ltr'><strong>naras</strong></span> <span class='ocrx_word' id='word_1_387' title='bbox 401 3557 430 3610; x_wconf 88' lang='lat' dir='ltr'><strong>et</strong></span> <span class='ocrx_word' id='word_1_388' title='bbox 447 3552 592 3612; x_wconf 85' lang='lat' dir='ltr'><strong>Cedrenns</strong></span> <span class='ocrx_word' id='word_1_389' title='bbox 611 3553 640 3610; x_wconf 88' lang='lat' dir='ltr'><strong>in</strong></span> <span class='ocrx_word' id='word_1_390' title='bbox 662 3554 779 3632; x_wconf 82' lang='lat' dir='ltr'><strong>imperio</strong></span> <span class='ocrx_word' id='word_1_391' title='bbox 794 3557 974 3618; x_wconf 80' lang='lat' dir='ltr'><strong>Constantini</strong></span> <span class='ocrx_word' id='word_1_392' title='bbox 996 3558 1194 3636; x_wconf 87' lang='lat' dir='ltr'><strong>Monomachi‚</strong></span> <span class='ocrx_word' id='word_1_393' title='bbox 1216 3577 1336 3634; x_wconf 82' lang='lat' dir='ltr'><strong>quorum</strong></span> <span class='ocrx_word' id='word_1_394' title='bbox 1347 3556 1391 3612; x_wconf 83' lang='lat' dir='ltr'><strong>ille</strong></span> 
     </span>
     <span class='ocr_line' id='line_1_43' title="bbox 294 3634 1392 3722; baseline 0.004 -27"><span class='ocrx_word' id='word_1_395' title='bbox 294 3634 586 3713; x_wconf 57' lang='lat' dir='ltr'><strong>explicans&#39;quisnam</strong></span> <span class='ocrx_word' id='word_1_396' title='bbox 610 3639 690 3716; x_wconf 89' lang='lat' dir='ltr'><strong>apud</strong></span> <span class='ocrx_word' id='word_1_397' title='bbox 711 3639 866 3702; x_wconf 65' lang='lat' dir='ltr'><strong>&amp;mosmos</strong></span> <span class='ocrx_word' id='word_1_398' title='bbox 888 3645 1027 3705; x_wconf 83' lang='lat' dir='ltr'><strong>diceretm</strong></span> <span class='ocrx_word' id='word_1_399' title='bbox 1042 3645 1172 3722; x_wconf 83' lang='lat' dir='ltr'><strong>seriphus</strong></span> <span class='ocrx_word' id='word_1_400' title='bbox 1192 3663 1243 3703; x_wconf 88' lang='lat' dir='ltr'><strong>seu</strong></span> <span class='ocrx_word' id='word_1_401' title='bbox 1256 3642 1392 3720; x_wconf 88' lang='lat' dir='ltr'><strong>seriphes,</strong></span> 
     </span>
     <span class='ocr_line' id='line_1_44' title="bbox 292 3713 1391 3810; baseline 0.008 -33"><span class='ocrx_word' id='word_1_402' title='bbox 292 3721 335 3778; x_wconf 88' lang='lat' dir='ltr'><strong>ita</strong></span> <span class='ocrx_word' id='word_1_403' title='bbox 354 3721 464 3779; x_wconf 86' lang='lat' dir='ltr'><strong>scribit:</strong></span> <span class='ocrx_word' id='word_1_404' title='bbox 491 3713 580 3794; x_wconf 80' lang='grc' dir='ltr'>οὗτος</span> <span class='ocrx_word' id='word_1_405' title='bbox 604 3715 629 3783; x_wconf 77' lang='grc' dir='ltr'><strong>δ’</strong></span> <span class='ocrx_word' id='word_1_406' title='bbox 650 3717 711 3810; x_wconf 72' lang='grc' dir='ltr'><strong>ἐστὶ</strong></span> <span class='ocrx_word' id='word_1_407' title='bbox 724 3720 794 3807; x_wconf 79' lang='grc' dir='ltr'><strong>παρ’</strong></span> <span class='ocrx_word' id='word_1_408' title='bbox 817 3723 918 3802; x_wconf 73' lang='grc' dir='ltr'>αὐτοῖς</span> <span class='ocrx_word' id='word_1_409' title='bbox 942 3723 1016 3809; x_wconf 65' lang='grc' dir='ltr'><strong>ὅπερ</strong></span> <span class='ocrx_word' id='word_1_410' title='bbox 1040 3724 1110 3808; x_wconf 78' lang='grc' dir='ltr'><strong>παρ’</strong></span> <span class='ocrx_word' id='word_1_411' title='bbox 1131 3729 1207 3810; x_wconf 68' lang='grc' dir='ltr'><strong>ἡμῖν</strong></span> <span class='ocrx_word' id='word_1_412' title='bbox 1229 3723 1325 3792; x_wconf 76' lang='grc' dir='ltr'><strong><em>πάλαι</em></strong></span> <span class='ocrx_word' id='word_1_413' title='bbox 1351 3718 1391 3806; x_wconf 74' lang='grc' dir='ltr'><strong>ἦν</strong></span> 
     </span>
     <span class='ocr_line' id='line_1_45' title="bbox 296 3802 1390 3906; baseline 0.011 -42"><span class='ocrx_word' id='word_1_414' title='bbox 296 3802 314 3874; x_wconf 72' lang='grc' dir='ltr'><strong>οῗ</strong></span> <span class='ocrx_word' id='word_1_415' title='bbox 323 3803 490 3906; x_wconf 41' lang='grc' dir='ltr'><strong>’λεγόμενος</strong></span> <span class='ocrx_word' id='word_1_416' title='bbox 500 3803 671 3890; x_wconf 81' lang='grc' dir='ltr'><strong>ου’γκελλυς.</strong></span> <span class='ocrx_word' id='word_1_417' title='bbox 716 3807 757 3884; x_wconf 73' lang='grc' dir='ltr'><strong>οἷς</strong></span> <span class='ocrx_word' id='word_1_418' title='bbox 776 3807 834 3892; x_wconf 73' lang='lat' dir='ltr'><strong>peip</strong></span> <span class='ocrx_word' id='word_1_419' title='bbox 856 3810 873 3875; x_wconf 84' lang='grc' dir='ltr'>ὁ</span> <span class='ocrx_word' id='word_1_420' title='bbox 889 3807 1049 3895; x_wconf 76' lang='grc' dir='ltr'>ούγκελλος</span> <span class='ocrx_word' id='word_1_421' title='bbox 1067 3818 1123 3877; x_wconf 75' lang='lat' dir='ltr'><strong>roni</strong></span> <span class='ocrx_word' id='word_1_422' title='bbox 1139 3810 1323 3894; x_wconf 76' lang='grc' dir='ltr'><strong>πατριάρχου</strong></span> <span class='ocrx_word' id='word_1_423' title='bbox 1336 3818 1390 3872; x_wconf 82' lang='grc' dir='ltr'><strong>θυ-</strong></span> 
     </span>
     <span class='ocr_line' id='line_1_46' title="bbox 297 3885 1392 3978; baseline 0.01 -29"><span class='ocrx_word' id='word_1_424' title='bbox 297 3912 404 3962; x_wconf 81' lang='grc' dir='ltr'>νονοος</span> <span class='ocrx_word' id='word_1_425' title='bbox 422 3891 464 3963; x_wconf 78' lang='grc' dir='ltr'><strong>εἰς</strong></span> <span class='ocrx_word' id='word_1_426' title='bbox 481 3885 535 3954; x_wconf 74' lang='grc' dir='ltr'><strong>τόν</strong></span> <span class='ocrx_word' id='word_1_427' title='bbox 551 3891 668 3954; x_wconf 79' lang='grc' dir='ltr'>ἐκείνου</span> <span class='ocrx_word' id='word_1_428' title='bbox 689 3893 782 3958; x_wconf 80' lang='grc' dir='ltr'>τόπον</span> <span class='ocrx_word' id='word_1_429' title='bbox 800 3891 1050 3974; x_wconf 62' lang='lat' dir='ltr'><strong>detractionem,</strong></span> <span class='ocrx_word' id='word_1_430' title='bbox 1071 3893 1150 3962; x_wconf 74' lang='lat' dir='ltr'><strong>odron</strong></span> <span class='ocrx_word' id='word_1_431' title='bbox 1170 3898 1222 3960; x_wconf 81' lang='grc' dir='ltr'><strong>καὶ</strong></span> <span class='ocrx_word' id='word_1_432' title='bbox 1236 3897 1255 3961; x_wconf 84' lang='lat' dir='ltr'><strong>o‘</strong></span> <span class='ocrx_word' id='word_1_433' title='bbox 1267 3897 1392 3978; x_wconf 74' lang='grc' dir='ltr'>σερίφης</span> 
     </span>
     <span class='ocr_line' id='line_1_47' title="bbox 296 3975 1393 4064; baseline 0.003 -30"><span class='ocrx_word' id='word_1_434' title='bbox 296 3976 353 4035; x_wconf 72' lang='grc' dir='ltr'><strong>τοῦ</strong></span> <span class='ocrx_word' id='word_1_435' title='bbox 378 3979 501 4050; x_wconf 76' lang='grc' dir='ltr'>Χυλιφᾶ</span> <span class='ocrx_word' id='word_1_436' title='bbox 515 3976 693 4056; x_wconf 81' lang='grc' dir='ltr'>-φθαρέυτος</span> <span class='ocrx_word' id='word_1_437' title='bbox 712 3977 767 4042; x_wconf 80' lang='lat' dir='ltr'><strong>cdv</strong></span> <span class='ocrx_word' id='word_1_438' title='bbox 788 3978 1002 4060; x_wconf 78' lang='grc' dir='ltr'><strong>τελευτήσαντα</strong></span> <span class='ocrx_word' id='word_1_439' title='bbox 1023 3982 1195 4064; x_wconf 76' lang='grc' dir='ltr'><strong><em>διαδέχεται.</em></strong></span> <span class='ocrx_word' id='word_1_440' title='bbox 1213 3975 1320 4042; x_wconf 64' lang='lat' dir='ltr'>‚eadem</span> <span class='ocrx_word' id='word_1_441' title='bbox 1338 3981 1393 4038; x_wconf 90' lang='lat' dir='ltr'><strong>Ce-</strong></span> 
     </span>
     <span class='ocr_line' id='line_1_48' title="bbox 296 4057 1392 4146; baseline 0.005 -30"><span class='ocrx_word' id='word_1_442' title='bbox 296 4057 407 4118; x_wconf 86' lang='lat' dir='ltr'><strong>drenus.</strong></span> <span class='ocrx_word' id='word_1_443' title='bbox 427 4059 474 4118; x_wconf 88' lang='lat' dir='ltr'><strong>ubi</strong></span> <span class='ocrx_word' id='word_1_444' title='bbox 491 4065 616 4120; x_wconf 82' lang='lat' dir='ltr'><strong>notanda</strong></span> <span class='ocrx_word' id='word_1_445' title='bbox 628 4083 682 4122; x_wconf 85' lang='lat' dir='ltr'><strong>vox</strong></span> <span class='ocrx_word' id='word_1_446' title='bbox 696 4059 804 4138; x_wconf 74' lang='grc' dir='ltr'><em>πάλαι,</em></span> <span class='ocrx_word' id='word_1_447' title='bbox 817 4059 881 4143; x_wconf 59' lang='lat' dir='ltr'><strong>futla</strong></span> <span class='ocrx_word' id='word_1_448' title='bbox 893 4061 1052 4146; x_wconf 75' lang='lat' dir='ltr'><strong>&#39;significant</strong></span> <span class='ocrx_word' id='word_1_449' title='bbox 1069 4061 1135 4128; x_wconf 85' lang='lat' dir='ltr'><strong>olhn</strong></span> <span class='ocrx_word' id='word_1_450' title='bbox 1149 4069 1262 4146; x_wconf 86' lang='lat' dir='ltr'><strong>quidem</strong></span> <span class='ocrx_word' id='word_1_451' title='bbox 1275 4067 1329 4125; x_wconf 88' lang='lat' dir='ltr'><strong>hac</strong></span> <span class='ocrx_word' id='word_1_452' title='bbox 1341 4085 1392 4123; x_wconf 89' lang='lat' dir='ltr'><strong>no-</strong></span> 
     </span>
     <span class='ocr_line' id='line_1_49' title="bbox 295 4128 1429 4233; baseline 0.009 -33"><span class='ocrx_word' id='word_1_453' title='bbox 295 4143 372 4202; x_wconf 85' lang='lat' dir='ltr'><strong>tione</strong></span> <span class='ocrx_word' id='word_1_454' title='bbox 395 4165 496 4213; x_wconf 86' lang='lat' dir='ltr'><strong>nomen</strong></span> <span class='ocrx_word' id='word_1_455' title='bbox 524 4146 578 4205; x_wconf 88' lang='lat' dir='ltr'><strong>hoc</strong></span> <span class='ocrx_word' id='word_1_456' title='bbox 603 4149 738 4208; x_wconf 84' lang='lat' dir='ltr'><strong>usitatum</strong></span> <span class='ocrx_word' id='word_1_457' title='bbox 759 4128 865 4231; x_wconf 67' lang='lat' dir='ltr'><strong>fnisse,</strong></span> <span class='ocrx_word' id='word_1_458' title='bbox 885 4151 988 4233; x_wconf 81' lang='lat' dir='ltr'><strong>postea</strong></span> <span class='ocrx_word' id='word_1_459' title='bbox 1009 4155 1132 4214; x_wconf 73' lang='lat' dir='ltr'><strong>desiime.</strong></span> <span class='ocrx_word' id='word_1_460' title='bbox 1159 4155 1200 4212; x_wconf 89' lang='lat' dir='ltr'><strong>sie</strong></span> <span class='ocrx_word' id='word_1_461' title='bbox 1226 4151 1392 4212; x_wconf 79' lang='lat' dir='ltr'><strong>Anastasius</strong></span> <span class='ocrx_word' id='word_1_462' title='bbox 1426 4149 1429 4155; x_wconf 77' lang='grc'>’</span> 
     </span>
     <span class='ocr_line' id='line_1_50' title="bbox 296 4228 1392 4318; baseline 0.005 -32"><span class='ocrx_word' id='word_1_463' title='bbox 296 4228 429 4290; x_wconf 86' lang='lat' dir='ltr'><strong>Germani</strong></span> <span class='ocrx_word' id='word_1_464' title='bbox 443 4233 617 4310; x_wconf 84' lang='lat' dir='ltr'><strong>patriarchae</strong></span> <span class='ocrx_word' id='word_1_465' title='bbox 639 4236 777 4310; x_wconf 88' lang='lat' dir='ltr'><strong>syncellus</strong></span> <span class='ocrx_word' id='word_1_466' title='bbox 801 4239 869 4314; x_wconf 83' lang='lat' dir='ltr'><strong>suit,</strong></span> <span class='ocrx_word' id='word_1_467' title='bbox 890 4240 1010 4298; x_wconf 87' lang='lat' dir='ltr'><strong>Cedren.</strong></span> <span class='ocrx_word' id='word_1_468' title='bbox 1032 4241 1063 4297; x_wconf 89' lang='lat' dir='ltr'><strong>in</strong></span> <span class='ocrx_word' id='word_1_469' title='bbox 1080 4241 1149 4318; x_wconf 86' lang='lat' dir='ltr'><strong>imp.</strong></span> <span class='ocrx_word' id='word_1_470' title='bbox 1168 4239 1272 4298; x_wconf 88' lang='lat' dir='ltr'><strong>Leonis</strong></span> <span class='ocrx_word' id='word_1_471' title='bbox 1293 4237 1392 4294; x_wconf 90' lang='lat' dir='ltr'><strong>Icono·</strong></span> 
     </span>
     <span class='ocr_line' id='line_1_51' title="bbox 292 4314 1392 4406; baseline 0.008 -27"><span class='ocrx_word' id='word_1_472' title='bbox 292 4314 382 4372; x_wconf 67' lang='lat' dir='ltr'><strong>machi</strong></span> <span class='ocrx_word' id='word_1_473' title='bbox 398 4336 427 4394; x_wconf 74' lang='grc' dir='ltr'><strong>Ρ.</strong></span> <span class='ocrx_word' id='word_1_474' title='bbox 448 4315 518 4382; x_wconf 78' lang='lat'><strong>466.</strong></span> <span class='ocrx_word' id='word_1_475' title='bbox 540 4318 678 4396; x_wconf 81' lang='lat' dir='ltr'><strong>syncellus</strong></span> <span class='ocrx_word' id='word_1_476' title='bbox 695 4321 762 4380; x_wconf 87' lang='lat' dir='ltr'><strong>item</strong></span> <span class='ocrx_word' id='word_1_477' title='bbox 786 4324 840 4382; x_wconf 91' lang='lat' dir='ltr'><strong>suit</strong></span> <span class='ocrx_word' id='word_1_478' title='bbox 860 4324 1023 4406; x_wconf 81' lang='lat' dir='ltr'><strong>Stephanus</strong></span> <span class='ocrx_word' id='word_1_479' title='bbox 1043 4327 1132 4386; x_wconf 82' lang='lat' dir='ltr'><strong>frater</strong></span> <span class='ocrx_word' id='word_1_480' title='bbox 1148 4323 1252 4386; x_wconf 88' lang='lat' dir='ltr'><strong>Leonis</strong></span> <span class='ocrx_word' id='word_1_481' title='bbox 1271 4323 1392 4404; x_wconf 65' lang='lat' dir='ltr'><strong>impert·</strong></span> 
     </span>
    </p>
   </div>
   <div class='ocr_carea' id='block_1_4' title="bbox 0 0 1550 4942">
    <p class='ocr_par' dir='ltr' id='par_1_6' title="bbox 0 0 1550 4942">
     <span class='ocr_line' id='line_1_52' title="bbox 0 0 1550 4942; baseline 0 0"><span class='ocrx_word' id='word_1_482' title='bbox 0 0 1550 4942; x_wconf 95' lang='lat' dir='ltr'><strong> </strong></span> 
     </span>
    </p>
   </div>
  </div>
 </body>
</html>
