3092 4942
456 329 671 404 ncooua
695 337 832 409 erra.
1158 349 1229 422 ros
1304 331 1305 340 ‘

25 527 26 537 κ
136 498 211 554 recte
231 490 379 556 intellectis
403 497 534 560 iudicium
554 499 646 561 {acere
668 500 763 568 licebit
782 505 819 568 de
841 506 1073 590 interpretatione
1093 507 1228 576 Bonelidii

25 604 26 607 ¹
135 587 165 639 et
181 590 369 641 cotradorum
387 584 454 642 eius.
475 588 682 666 promotionum
706 611 757 671 per
778 592 896 672 pittacia
917 595 1040 655 meminit
1063 598 1146 660 etiam
1161 598 1228 662 Bal.

135 684 233 725 samon
246 666 284 724 ad
299 670 336 729 17
350 687 485 728 canonem
498 671 698 749 apostolorum.
957 697 963 714 ‘

218 749 294 822 Quia
310 769 379 812 rao
401 753 431 812 in
442 754 486 814 his
505 755 603 815 affl
621 757 811 818 mlesiastiois
834 758 925 820 multa
944 769 1093 824 occurrunt
1111 783 1225 846 compo-

131 834 187 896 sita
204 855 239 896 ex
260 837 400 896 vocabulis
416 832 495 920 α’ρχή
516 847 546 900 et
566 836 681 922 ἅρχων,
701 842 807 918 aliquid
833 863 920 924 super
944 845 988 906 his
1012 853 1113 908 notare
1137 851 1226 930 lubet,

131 926 198 980 aute
211 921 306 982 omnia
317 921 387 982 illud
398 926 477 999 quod
490 924 639 1006 dupliciter
651 946 714 986 cum
728 927 790 994 aliis
805 929 981 1009 coalescant,
1003 933 1092 1010 primo
1112 937 1225 1012 quidem

131 1005 211 1064 initio
224 1007 318 1085 vocis,
339 1014 373 1066 ut
391 1003 637 1090 dpzrarlomac,
660 1008 858 1094 ἆρχιποίμην,
887 1016 1106 1093 madescam,
1133 1021 1223 1081 mehi-

130 1095 281 1168 rtrotegur,
308 1093 457 1168 archidux,
483 1095 698 1173 archimedem,
732 1099 902 1177 archiatrus,
930 1101 1105 1178 architector,
1130 1105 1224 1166 arehi-
1256 1165 1268 1192 ¹

22 1190 23 1197 ¹
124 1177 275 1255 palata,
294 1179 418 1238 secundo
440 1180 546 1244 iuliae
563 1182 656 1259 vocis,
675 1188 709 1242 ut
723 1185 901 1262 patn‘araha,
925 1187 1113 1260 camareto,
1140 1210 1223 1250 carro-

128 1261 247 1335 narchu,
271 1264 429 1338 maha,
454 1267 600 1343 maha,
628 1268 779 1344 tetrarcha,
800 1269 958 1340 ethaarcha‚
980 1274 1134 1334 trierarcho.
1156 1275 1222 1334 inde

127 1345 269 1407 etiamad
285 1346 423 1429 ἔξαρχος,
438 1347 605 1430 &procat
619 1352 649 1413 id
671 1371 761 1431 genus
776 1353 847 1432 alia,
868 1361 927 1416 tam
948 1355 978 1414 iu
1003 1356 1119 1418 ecclesia
1136 1376 1221 1436 quam

126 1436 207 1492 extra
226 1439 363 1513 usurpata
386 1439 417 1492 et
434 1435 548 1496 mtata

20 1526 22 1549 l
210 1517 459 1579 Haereticiuostri
479 1520 629 1598 tunparis,
649 1520 766 1597 utalia,
786 1521 828 1581 ita
845 1521 950 1602 etipsa
971 1523 1064 1616 prisca
1082 1525 1256 1586 vocabulaP
1276 1526 1326 1582 181

125 1602 317 1681 sustulenrut,
337 1605 513 1683 potissimum
527 1605 575 1664 illa
593 1623 666 1682 quoe
679 1624 714 1666 ex
731 1599 806 1688 ἀρχή
821 1612 851 1666 et
864 1603 964 1685 ἅρχων
981 1615 1136 1687 compacta
1157 1611 1222 1671 hinc

124 1686 313 1766 archieprnopi
332 1709 435 1750 nomen
453 1690 657 1768 exterminant,
673 1696 707 1748 ut
723 1697 754 1750 et
772 1692 966 1770 patriarchae,
985 1694 1171 1755 archidiaconi
1191 1703 1221 1755 et

125 1770 153 1828 id
166 1790 258 1847 genus
273 1772 345 1851 ulia,
363 1780 500 1852 tauquam
512 1777 625 1854 saperda
635 1775 762 1853 facinora
770 1782 804 1834 et
816 1778 985 1855 simplicitati
997 1781 1157 1856 apostolicus
1169 1780 1221 1840 ad·

124 1860 279 1932 enuntia,
306 1862 402 1939 qurppc
421 1879 489 1938 prae
512 1863 651 1940 ἐπιμήνια
676 1867 703 1920 et
720 1866 876 1938 potestatem
899 1865 929 1922 ia
953 1863 1071 1922 subditas
1090 1865 1222 1940 haam,

124 1960 178 2000 nan
189 1947 306 2021 muer
320 1947 351 2004 in
370 1944 465 2024 uliqm
477 1944 620 2023 fluctione
637 1965 684 2006 scu
700 1948 859 2020 miecio,
879 1967 926 2006 aaa
944 1949 1060 2026 primm
1081 1948 1170 2008 ardiae
1190 1953 1221 2008 in

123 2026 216 2105 aliquo
233 2034 324 2104 cocta,
344 2031 443 2108 adm
462 2035 551 2088 men
567 2035 676 2108 inperia
693 2035 720 2088 at
735 2035 867 2107 potestate
888 2034 919 2090 in
937 2037 1062 2096 radmor.
1087 2033 1152 2091 hinc
1165 2034 1219 2110 ipsi

122 2114 250 2186 gaudent
261 2113 424 2196 apostolicis
441 2115 495 2174 ill's
512 2121 559 2193 et,
579 2120 612 2174 ut
633 2115 803 2193 loquuntur,
822 2116 1033 2175 modestissimis
1052 2117 1219 2197 appellatio-

122 2196 206 2256 nibus
234 2198 457 2279 πρεσβυτέρων,
483 2197 651 2278 ποιμένων,
680 2195 867 2273 ἐπισκόπων,
894 2203 1087 2281 λειτουργῶν,
1118 2197 1220 2264 drasi-

122 2303 199 2359 νων,
223 2277 353 2348 δούλων.
381 2303 478 2345 verum
490 2284 605 2344 uomina
623 2284 693 2342 haec
712 2264 774 2342 esai
791 2285 938 2346 retinenda
959 2286 1006 2344 ubi
1024 2286 1159 2344 hactenns
1178 2287 1219 2345 vi-

121 2375 260 2446 guerunt,
280 2374 310 2428 et
332 2369 490 2428 revocando
513 2369 774 2446 minoraverat,
802 2370 864 2428 susc
883 2371 1058 2430 demonstrat
1077 2369 1218 2432 Adrianus

122 2452 241 2512 Saravia
253 2453 424 2530 Calviniuta,
443 2454 474 2511 in
491 2452 563 2514 libra
576 2472 661 2530 quem
681 2455 720 2513 de
741 2455 857 2514 diversis
875 2456 1010 2531 gradibus
1030 2455 1220 2516 ministrorum

121 2537 345 2615 evangelicorum
357 2537 500 2614 evulgavst
512 2559 536 2598 a
552 2538 611 2615 26,
626 2539 668 2598 sie
682 2545 778 2598 tamen
797 2546 831 2598 ut
850 2540 894 2598 his
910 2541 1144 2618 appellationibus
1155 2541 1220 2600 nul·
1313 2536 1317 2543 ’

111 2620 179 2706 'lum
192 2624 224 2680 in
237 2624 307 2684 alios
318 2623 464 2705 imperium
475 2624 653 2702 doeigudrrr,
675 2625 727 2682 sed
737 2623 800 2682 sola
812 2625 916 2684 ordinis
930 2625 1052 2702 dignitas
1074 2632 1103 2684 et
1127 2632 1159 2684 ut
1178 2626 1219 2686 sic

119 2707 231 2784 dicam,
245 2712 370 2787 panitas
380 2728 432 2768 seu
444 2703 481 2770 rai
493 2714 632 2790 namsia
652 2709 717 2767 huic
732 2708 905 2768 calvinistae
924 2710 1060 2789 opposuit
1078 2729 1110 2768 se
1121 2710 1219 2770 Calvi-

118 2793 259 2862 aurnum
271 2794 472 2870 antesignanus
483 2792 561 2853 Baua
581 2795 698 2873 proprio
716 2792 787 2852 libro
805 2795 939 2852 adversus
958 2791 1102 2854 Saraviam
1125 2795 1218 2873 publi·

118 2884 205 2954 cato,
220 2879 268 2936 ubi
280 2879 426 2938 contendit
435 2879 549 2938 uomina
565 2877 634 2938 lraec
654 2897 770 2956 prorsus
793 2897 845 2938 nuo
865 2897 919 2938 aare
938 2877 1090 2952 lamando,
1109 2881 1161 2936 sed
1182 2898 1218 2952 er

120 2963 243 3022 eeclesiis
263 2964 442 3044 explodenda
455 2969 593 3039 tanquam
611 2962 784 3042 simplicitati
802 2962 974 3038 apostolieae
996 2981 1113 3041 prorsus
1131 2981 1218 3042 repu-

119 3049 247 3124 gnantia
288 3049 356 3108 milri
375 3048 521 3108 conflictus
539 3050 594 3106 iste
607 3049 680 3105 inter
694 3048 748 3107 lros
768 3049 840 3105 duos
860 3045 999 3127 Lapithas
1019 3047 1088 3106 mire
1108 3047 1218 3127 placat:
1252 3071 1256 3080 ’

119 3151 186 3192 uam
201 3134 231 3190 in
252 3133 368 3194 Saravia
390 3134 510 3192 observo
532 3133 699 3192 haereticam
721 3132 925 3208 arrogantiam,
947 3147 1101 3206 quaecum
1123 3133 1218 3193 omnia

119 3218 279 3277 eonfirderit
296 3226 326 3278 et
340 3218 548 3298 permiscuerit,
564 3236 639 3277 nunc
653 3218 735 3293 quasi
752 3217 924 3294 poenitentia
940 3215 1104 3295 duceretur,
1125 3218 1215 3276 hono-

117 3303 252 3363 rifieailla
264 3304 439 3381 patriarchae
455 3302 656 3381 archiepiscopi
670 3301 855 3362 archidiaconi
869 3308 899 3360 et
917 3301 1015 3360 similia
1028 3310 1216 3379 cognomenta

118 3389 210 3447 ambit
229 3388 319 3464 iisque
336 3389 461 3450 decorari
482 3389 587 3466 gestit,
614 3388 656 3446 ita
678 3392 773 3448 tamen
796 3391 829 3444 ut
856 3385 974 3464 antiqua
995 3389 1111 3446 notione
1135 3389 1216 3464 quasi

117 3479 206 3533 emta
224 3492 328 3534 novam
346 3474 482 3549 induant,
501 3473 662 3549 nullamque
691 3476 863 3553 potestatem
885 3477 915 3530 et
937 3471 1043 3532 nullum
1070 3473 1215 3550 imperium

34 3556 37 3563 ’
115 3559 285 3635 significent
315 3559 346 3616 in
363 3559 442 3618 Besa
461 3558 600 3619 autemid
615 3576 683 3636 prae
701 3558 818 3616 caeteris
839 3557 1115 3616 animadvertendum
1133 3564 1216 3637 puto,

119 3645 199 3719 quod
217 3662 277 3702 non
296 3643 414 3704 obscure
427 3663 494 3701 suos
515 3642 684 3702 calvinistae
706 3640 834 3720 huglos,
855 3648 885 3700 et
901 3641 1079 3702 Lutheranos
1096 3643 1126 3700 iu
1141 3643 1214 3701 Ger-

117 3729 212 3788 mania
227 3734 258 3788 et
271 3729 385 3807 Suada,
400 3729 582 3808 perstringit,
603 3728 670 3804 quia
688 3727 774 3803 aliqui
795 3728 904 3786 illorum
925 3746 988 3786 sese
1009 3729 1214 3806 archiepiscopos

118 3819 149 3871 et
160 3818 291 3892 priuata
303 3820 333 3873 et
348 3813 550 3874 archidiaconos
568 3814 730 3889 nominant,
753 3818 784 3871 et
802 3814 843 3872 ita
860 3813 944 3872 etiam
962 3812 1099 3872 nominari
1117 3819 1146 3870 et
1167 3831 1213 3872 sa-

118 3896 205 3960 lutari
220 3899 337 3981 volunt,
356 3899 535 3983 pulchrisque
553 3898 607 3959 sah
626 3897 785 3960 nominibus
802 3905 914 3980 turpem
931 3897 1058 3962 haeresin
1070 3897 1170 3958 celant.

552 4225 756 4242 W
