3092 4942
296 319 372 392 aoo
454 273 663 390 naussum
677 317 733 384 er
747 316 880 386 cornu
895 311 1229 385 connumerans

293 487 366 566 bet,
386 505 525 564 quemque
540 491 641 566 postea
664 481 795 562 religiose
812 480 1001 562 particulatim
1019 481 1220 560 comedebant,
1237 485 1331 562 venit,
1351 486 1397 546 iu-

293 591 393 648 quam,
416 576 554 650 porragine
568 589 678 631 nomen.
720 569 832 628 transiit
845 574 941 628 autem
958 569 1082 648 paucgiu
1100 569 1186 627 etiam
1205 570 1242 628 ad
1256 573 1397 648 posterio-

293 677 339 718 res
361 658 493 716 Graecos.

360 738 410 790 Dei
433 735 598 806 genitricem,
624 751 673 788 ceu
698 751 731 788 ex
748 733 819 786 omui
839 737 914 804 purte
937 739 1052 786 smctsru
1076 737 1104 786 et
1119 737 1267 796 sanctorum
1285 734 1394 788 omnious

294 807 489 872 sanctissimam,
521 801 760 874 ἄνσσνομαστιαῶς
790 803 902 856 Graecia
926 803 1068 869 πασαγίαν
1091 806 1125 854 ex
1147 819 1221 854 more
1251 812 1390 872 nuncupet.

291 875 428 929 buccellam
446 891 548 944 quoque
567 874 638 944 panis
656 879 726 925 certo
744 871 798 924 ritu
814 871 842 923 in
859 889 960 924 mensae
976 870 1029 924 fiue
1048 870 1227 924 comedendas
1241 869 1330 924 eodem
1343 890 1395 924 uo·

290 944 357 998 mine
379 944 521 1011 παναγίαν
544 943 687 1010 religiosior
704 947 783 994 vocat
802 957 876 993 usust
899 957 948 994 sas
965 947 1048 992 eutem
1065 939 1160 1008 inquo
1178 941 1325 992 reconditur
1349 941 1394 994 vel

290 1004 1318 1134 :etiemittitis“lt‘llieittttit'tlllttttiltit
1331 1027 1394 1147 ΞΓ

427 1100 485 1136 mou
1377 1106 1395 1118 ·

293 1151 399 1204 ficiunts
425 1168 475 1220 qus
492 1097 710 1218 ratione’expliat
731 1147 883 1218 imperator,
905 1152 1085 1200 commonstrat
1097 1153 1195 1201 auctor.
1205 1152 1293 1199 noster
1307 1147 1335 1198 iu
1348 1143 1394 1200 se'·

313 1219 448 1284 uentibus,
473 1221 609 1272 monachos
629 1235 661 1272 ea
683 1235 711 1270 sa
733 1216 870 1270 devotione
891 1222 1042 1269 exercentes
1065 1214 1187 1268 describit
1210 1215 1394 1268 eruditissimus

318 1287 402 1340 llatius
425 1289 457 1341 de
480 1289 524 1342 lib.
550 1287 622 1340 liccl.
642 1289 755 1340 Graeco.
775 1286 903 1339 dissertat.
927 1288 941 1339 1
960 1284 999 1336 bis
1016 1284 1103 1336 verbis
1123 1284 1198 1352 “quis
1220 1284 1255 1337 sit
1273 1285 1395 1337 Graeco—

292 1373 351 1410 rum
374 1358 425 1410 iste
446 1357 511 1410 ritus
534 1357 621 1426 paucis
643 1355 791 1426 expediam,
816 1361 845 1408 ut
865 1355 910 1424 qui
929 1359 970 1406 tot
985 1369 1066 1420 nugas
1082 1352 1109 1407 iu
1126 1353 1233 1405 medium
1249 1355 1395 1424 proferunt,

292 1425 345 1478 ism
357 1426 473 1478 desinant
488 1427 529 1479 ine
548 1427 604 1481 tire.
630 1431 764 1493 antequam
787 1421 904 1476 monachi
925 1423 953 1475 iu
973 1438 1086 1474 mensam
1109 1421 1267 1491 procedent,
1291 1423 1345 1492 (cui
1362 1422 1394 1474 id

294 1510 360 1546 onus
375 1494 511 1559 incumbit,
532 1495 571 1547 nli
587 1489 738 1562 ἐφημέριον
757 1493 862 1559 vocant)
886 1493 911 1544 in
936 1490 1007 1543 disco
1023 1491 1079 1542 sive
1103 1492 1210 1543 scutelle
1226 1490 1275 1558 (illi
1295 1508 1394 1543 unucu-

292 1570 356 1632 pant
375 1560 574 1631 παναγιάριον)
601 1568 732 1632 acceptum
758 1578 849 1632 panem
871 1557 1002 1613 adinstar
1020 1558 1103 1612 crucis
1121 1558 1148 1610 in
1163 1568 1286 1627 quattuor
1301 1559 1394 1613 dividit

292 1638 380 1702 partes
398 1633 535 1702 aequales,
553 1649 586 1684 ex
604 1632 698 1699 angulo
721 1631 835 1682 interiori
858 1629 931 1700 panis
953 1627 1080 1681 abscindit
1102 1628 1210 1680 frustum
1232 1629 1314 1680 cultro
1339 1629 1394 1680 cir-

293 1701 417 1758 cumiens.
436 1701 500 1754 adeo
519 1706 548 1752 ut
565 1718 597 1754 ex
613 1717 664 1754 una
681 1705 755 1767 parte
772 1699 858 1766 auguli
882 1697 1038 1749 acuminatus
1054 1698 1104 1762 sit,
1125 1714 1158 1749 ex
1174 1697 1257 1750 altero
1274 1697 1394 1750 circulari

292 1768 377 1836 ligura
395 1767 511 1838 trigonus
527 1768 691 1838 imperfectus
715 1773 855 1850 appareat;
877 1773 906 1818 et
927 1765 964 1819 sic
987 1765 1098 1819 adsum
1122 1783 1169 1818 suo
1188 1767 1247 1819 loco
1267 1781 1319 1818 una
1333 1783 1393 1819 cum

290 1837 390 1906 reliquo
413 1854 480 1907 pane
504 1837 578 1892 simul
599 1838 670 1890 unito
695 1836 825 1904 relinquit.
855 1852 947 1904 psuem
963 1834 1002 1888 sic
1019 1835 1234 1888 accommodatum
1250 1836 1301 1887 aliu
1317 1844 1393 1906 parte

292 1905 355 1958 disci
373 1907 497 1975 cooperit.
513 1909 550 1960 itu
567 1907 633 1960 enim
649 1905 734 1958 discus
751 1906 794 1958 illc
811 1911 972 1975 comparatur
994 1904 1097 1956 cardine
1121 1921 1153 1956 er
1171 1920 1222 1957 una
1244 1913 1319 1974 parte
1334 1922 1393 1958 cum

290 1975 431 2044 superioria
448 1975 530 2046 pertis
547 1975 620 2029 oculo
645 1975 797 2042 colligatus,
821 1978 851 2026 ut
867 1973 942 2026 modo
959 1989 1092 2043 capsarum
1109 1972 1269 2038 includatur,
1287 1972 1326 2026 siu
1343 1974 1393 2026 mi-

290 2059 338 2096 nus
354 2045 419 2098 vela.
437 2045 513 2098 etsie
531 2044 638 2115 apponit
661 2042 688 2096 in
705 2060 807 2112 mensa,
827 2043 853 2094 in
869 2059 922 2112 qua
938 2042 1009 2096 solus
1026 2043 1106 2094 abbas
1131 2043 1175 2094 vel
1196 2059 1391 2111 proegumenus,

289 2114 334 2180 qui
351 2114 448 2167 scilicet
464 2114 565 2167 ebbutis
581 2129 685 2166 munere
702 2119 780 2166 antea
798 2111 935 2164 defunctus
948 2112 1049 2177 iuerat,
1073 2113 1115 2162 vel
1132 2111 1177 2179 qui
1200 2111 1316 2173 abbatis,
1332 2112 1391 2165 duss

288 2180 333 2232 ille
350 2183 439 2247 abest,
456 2183 538 2236 locum
555 2188 646 2248 teret,
675 2189 704 2236 et
720 2181 833 2234 dtsot'os
850 2181 997 2250 appellunt,
1021 2178 1124 2233 assidet.
1143 2179 1216 2232 finito
1233 2180 1339 2249 prandio
1362 2185 1391 2232 et

288 2249 362 2316 siguo
379 2251 440 2304 duto
457 2249 484 2304 in
505 2251 590 2304 contio
614 2251 666 2318 (ita
687 2249 738 2320 ipsi
763 2255 858 2302 vocent
879 2247 1053 2317 campanulum
1077 2265 1110 2300 ex
1133 2265 1194 2302 aere
1209 2250 1390 2319 notensem)

288 2335 375 2370 omnes
393 2325 539 2386 assurgunt,
557 2327 584 2371 et
601 2319 732 2388 conceptis
748 2319 868 2387 precibus
890 2318 986 2370 discum
1002 2316 1073 2371 illum
1089 2332 1145 2369 cum
1163 2334 1240 2386 pane,
1257 2319 1302 2387 qui
1317 2336 1390 2371 πασ-

288 2385 355 2452 apta
371 2392 426 2450 est,
444 2388 602 2456 ephemerius
619 2387 740 2439 sustollit.
768 2387 927 2456 postmodum
943 2392 1059 2440 reserato
1076 2387 1241 2455 panagium,
1260 2394 1288 2440 et
1302 2388 1388 2441 frusto

288 2453 332 2506 illo
350 2471 365 2506 e
382 2471 448 2524 pane
465 2455 550 2508 exciso
567 2463 692 2507 converso
709 2459 738 2506 ut
755 2456 819 2506 mica
836 2456 905 2508 nuda
920 2455 1037 2536 asperior
1052 2455 1101 2518 sit,
1128 2462 1275 2525 praesentat
1291 2456 1390 2522 abbati,

287 2522 333 2591 qui
357 2522 475 2575 extremis
499 2523 587 2591 digitis
609 2523 725 2576 miculam
751 2524 842 2591 arripit
866 2532 893 2577 et
919 2540 958 2575 ori
981 2524 1125 2593 impositam
1147 2525 1272 2591 absumit3
1296 2525 1389 2580 deiude

287 2593 347 2644 aliis
363 2592 491 2645 monachia
507 2599 610 2646 servato
628 2591 717 2645 ordine
734 2591 857 2656 offertur,
875 2591 919 2662 qui
936 2591 1024 2646 eodem
1043 2593 1117 2645 modo
1136 2592 1251 2646 miculam
1264 2613 1297 2648 ex
1308 2611 1388 2665 pana-

288 2659 370 2728 gisrio
388 2663 506 2714 auferunt
522 2669 549 2714 et
566 2661 707 2714 comedunt.
723 2665 778 2714 tum
794 2661 875 2713 abbas
892 2659 976 2712 viuum
994 2659 1066 2714 calici
1089 2661 1200 2724 inlusum
1217 2663 1297 2729 bibit,
1314 2680 1389 2733 quem

289 2746 377 2782 omnes
394 2740 534 2800 sequuntur
540 2750 549 2792 ‚-
568 2735 594 2782 et
611 2730 701 2798 gratiis
719 2730 767 2782 deo
787 2729 852 2782 actis
869 2729 1011 2781 discedunt.
1036 2732 1063 2782 et
1080 2730 1122 2781 bic
1147 2736 1187 2784 est
1208 2731 1297 2785 modus
1315 2732 1388 2785 exul-

289 2799 360 2850 tandi
377 2800 527 2869 panagium,
548 2799 665 2870 quamvis
682 2798 725 2852 alii
742 2797 792 2850 alio
813 2815 916 2867 quoque
932 2798 1006 2850 modo
1030 2807 1196 2870 praeparent.
1221 2817 1279 2852 uam
1297 2817 1388 2854 saecu-

289 2867 359 2921 lares
376 2885 433 2920 cum
449 2869 555 2922 solemni
572 2868 690 2920 convivio
708 2867 779 2920 cives
803 2868 949 2936 excipiunt,
972 2875 1032 2935 post
1055 2884 1182 2933 mensam,
1204 2868 1231 2921 iu
1255 2869 1388 2922 dexterum

290 2935 484 2998 adolescentuli,
509 2956 541 2990 ex
565 2937 634 2990 clero
657 2945 757 3004 tamen,
785 2937 912 3006 paululum
940 2943 1096 2988 contractum
1120 2946 1147 2988 et
1172 2938 1247 2989 volae
1267 2939 1388 2992 sinistrae

289 3007 431 3065 impositam
449 3025 481 3058 ex
498 3024 564 3076 pane
580 3013 749 3088 praeparant,
775 3015 801 3056 et
818 3005 947 3074 conceptis
967 3005 1086 3073 precibus
1103 3005 1222 3059 sacerdos
1239 3007 1276 3059 ibi
1300 3016 1387 3060 astam

308 3075 383 3126 rimus
402 3074 489 3127 micam
507 3076 613 3146 accipit,
631 3085 721 3144 postea
740 3075 796 3126 aliis
815 3076 962 3126 adolescens
978 3075 1106 3140 suggerit3
1122 3075 1190 3142 quod
1210 3078 1386 3145 remanetipse

287 3092 444 3195 inmanibus
461 3145 566 3196 maxima
587 3159 641 3195 curu
659 3145 822 3196 veneratione
845 3142 997 3198 consumit.·‘
1020 3144 1084 3194 haec
1107 3143 1164 3207 illes
1189 3144 1233 3212 qui
1257 3161 1314 3196 cusu
1336 3145 1385 3197 alio

287 3211 481 3280 quoquomodo
498 3213 647 3280 praeparari
663 3211 823 3278 consentiat,
847 3229 922 3280 quem
945 3211 1005 3278 ipse
1022 3213 1185 3265 observatum
1203 3215 1325 3281 probavi,
1341 3231 1386 3266 ac-

287 3287 364 3348 cepta
381 3279 430 3334 viri
453 3281 595 3336 amicissimi
621 3281 712 3346 venia,
734 3280 892 3348 subiungant.
914 3286 1014 3334 remota
1033 3297 1119 3332 mensa
1142 3299 1157 3332 e
1178 3283 1285 3334 fratrum
1311 3289 1385 3335 coetu

288 3349 381 3412 affuit,
399 3349 445 3420 qui
463 3349 527 3402 alios
544 3351 699 3420 paenitentia
719 3349 870 3420 praemissa,
895 3349 944 3401 boc
960 3355 1000 3399 est
1016 3350 1131 3432 corporis
1146 3349 1323 3404 incurvatione
1339 3369 1385 3402 ve-

284 3425 409 3482 neratus,
433 3418 512 3471 dixitt
536 3415 671 3488 εὐλογεῖτε
693 3415 809 3485 πατέρες
831 3415 925 3486 ἅγιοι,
947 3413 1139 3484 σσγχωρησατέ
1163 3436 1211 3486 μοι
1233 3421 1276 3486 τῷ
1296 3417 1385 3487 ἆμαρ·

286 3487 375 3556 rmiqi.
392 3487 489 3538 cunctis
506 3483 521 3540 ὁ
540 3483 609 3548 θεὸς
624 3486 785 3558 συγχωρήσῃ
802 3485 1027 3556 respondentibus,
1046 3486 1178 3553 imaginem
1196 3489 1223 3542 b.
1240 3489 1345 3556 virginis
1358 3490 1384 3540 iu

284 3570 357 3606 moro
374 3555 481 3623 positum
506 3555 615 3607 adorans
640 3573 672 3608 ac
697 3562 756 3608 ture
778 3555 961 3624 suffumigaas‚
985 3554 1093 3607 vicinum
1117 3555 1221 3624 imagini
1245 3575 1338 3628 panem
1357 3557 1385 3610 iu

285 3624 356 3676 disco
370 3623 510 3692 repositum
531 3624 648 3678 extremis
666 3625 751 3677 aufert
775 3624 862 3692 digitis
888 3635 916 3678 et
940 3625 967 3675 in
995 3624 1103 3676 omnium
1128 3633 1265 3694 conspectu
1289 3628 1383 3690 elevat,

213 3741 214 3746 ,
285 3691 372 3745 diceus
388 3688 458 3760 μέγα
475 3686 506 3747 cd
529 3687 628 3762 ὄνομα.
647 3693 800 3746 subiunxere
817 3694 900 3746 cuncti
917 3692 968 3760 τῆς
984 3687 1065 3759 ἁγίας
1088 3689 1212 3758 τριάδος.
1233 3694 1278 3747 ille
1294 3712 1382 3749 noru-

286 3760 332 3828 γία
350 3757 483 3830 scortes,
500 3759 601 3833 βοήθει
617 3757 695 3830 ἡμῖν.
713 3761 867 3831 respondent
883 3761 926 3814 alii
936 3763 998 3820 ταῖς
1014 3757 1100 3829 αὐτῆς
1110 3762 1266 3834 πρεσβείαις
1282 3758 1298 3817 ὁ
1316 3758 1383 3824 θεὸς

286 3825 400 3898 ἐλέησον
415 3828 464 3883 καὶ
480 3833 569 3884 σῶσον
584 3827 665 3899 ἡμᾶς.
684 3849 741 3883 mox
758 3831 874 3884 omuibus
896 3847 1004 3883 accenso
1027 3838 1084 3882 ture
1103 3831 1230 3900 expiatis,
1247 3829 1380 3899 σραπεζσὶ-

285 3915 338 3966 ρσα
354 3901 517 3968 refectorarii
534 3901 656 3968 obsequio
673 3900 811 3954 buccellam
827 3900 934 3952 disisam
953 3915 1040 3951 omnes
1058 3917 1251 3969 consumpsere3
1268 3909 1297 3954 et
1314 3919 1383 3954 com-

285 3983 361 4021 muue
379 3969 493 4036 poculum
510 3969 629 4038 deiparae
648 3969 747 4022 nemius
764 3969 922 4022 benedictum
933 3968 1050 4021 devotius
1063 3971 1213 4026 exhausere.
1229 3971 1297 4024 uode
1308 3971 1382 4023 ritum

286 4037 353 4089 hunc
370 4037 526 4105 precessisse
542 4038 672 4092 affirmant
689 4037 802 4105 Graeci,
827 4056 860 4092 ex
877 4038 990 4108 ipsorum
1006 4037 1131 4091 sententia
1148 4039 1271 4108 librisque
1286 4040 1382 4093 rettulit

287 4107 442 4159 Gretseruse
468 4123 516 4161 nos
537 4125 628 4176 preces
645 4106 818 4176 adiungendas
840 4106 1001 4178 exposuimus
1016 4107 1044 4158 in
1069 4107 1267 4176 Eucbologium,
1292 4109 1382 4178 quibus

286 4174 467 4244 expositionem
483 4193 581 4229 omnem
597 4182 624 4230 et
640 4177 773 4244 mysticum
791 4195 907 4237 sensum.
932 4183 985 4228 tum
1003 4177 1121 4244 precibus
1137 4184 1191 4230 tum
1208 4176 1261 4230 ritu
1279 4178 1381 4232 conclu·

287 4259 358 4310 sum,
374 4243 475 4298 abunde
490 4244 659 4299 subiunximus
676 4263 709 4299 ex
726 4246 861 4316 symeonis
877 4244 1110 4299 'I'bessalouicensis
1125 4246 1234 4314 scriptis.

371 4337 400 4398 p.
415 4318 491 4383 oon
505 4323 534 4388 8.
555 4315 590 4384 sd
610 4323 666 4383 rori
686 4319 836 4417 oioogeioo
857 4317 1145 4404 aspernaretur]
1170 4319 1267 4402 inepte
1285 4319 1380 4381 Ισιιὶια
