3092 4942
300 297 393 374 334⁴
459 298 667 373 auersam
682 299 737 366 ET
754 297 887 431 (Mil
899 296 1233 368 COMMENTARIUS

257 527 259 531 ,
296 465 391 544 vium,
411 468 440 524 ct
457 481 531 542 qaae
544 468 612 524 sunt
630 457 690 544 πρό
709 464 764 543 τῆς
783 457 975 545 rnpopuipou,
995 467 1028 522 et·
1040 455 1244 522 hebdomadem
1253 463 1312 543 τῆς
1325 462 1396 541 δια·

297 551 488 631 ααινησίμου.
527 554 558 610 ia
574 553 611 609 iis
631 552 697 609 misr
720 548 863 622 solvimus,
891 548 985 624 inquit
1002 547 1168 627 ΒαΙεαιιιοιι,
1188 553 1254 626 pain
1273 551 1396 611 tamna

297 636 419 697 Aroma
429 639 533 713 propter
550 632 700 698 Ninivitas.
740 636 769 692 tn
789 651 819 692 αι
837 634 886 714 pai
902 639 943 692 est
961 639 1024 692 aista
1043 635 1263 711 ιαηιίιρτίυιαιιι,
1284 638 1350 694 etin
1363 655 1395 694 eo

272 789 280 804 p
299 723 349 799 pai
366 726 406 778 est
424 724 485 778 aute
504 714 695 802 τυροφιὶγον,
714 717 998 778 medietariam
1017 735 1146 794 magnum
1161 720 1289 778 iciursians
1305 719 1394 778 obm-

268 828 270 839 ¹
297 810 382 875 vant3
402 803 537 864 hebdomas
552 809 641 864 autem
654 806 709 884 τῆς
723 803 953 882 διακαινησίριου
968 807 1095 882 tanquan
1104 805 1166 885 ,apsa
1178 821 1294 880 maganus
1308 803 1394 864 dont-

297 891 374 951 sn‘cus
395 885 557 970 (paschae)
584 889 641 948 debs
655 891 804 967 reputata.
844 887 920 948 idem
946 887 1029 946 docet
1051 883 1220 946 Anastasius
1245 887 1394 967 episcopus

296 971 453 1033 Caesareae
468 971 643 1033 Palaestinae
663 977 744 1033 tract
766 973 803 1032 de
820 971 989 1048 Annam,
1009 969 1059 1030 ubi
1074 971 1148 1031 inter
1167 970 1359 1034 hebdomadas
1371 992 1393 1033 a

296 1055 400 1116 ieiunio
431 1057 515 1137 plane
543 1063 675 1139 exceptas
701 1057 784 1137 ponit
808 1052 864 1135 τὴν
893 1050 1046 1137 ἑβδομάδα
1073 1059 1129 1134 τῆς
1151 1057 1394 1137 διαιιαιαησίμαα.

296 1144 415 1202 eundern
438 1143 642 1202 hebdomadem
665 1142 739 1201 inter
761 1147 893 1222 exceptas
916 1145 1044 1201 numerat
1068 1138 1201 1207 Nicolans
1234 1141 1395 1223 patriarcha

298 1227 466 1309 Cpolitanus
479 1229 509 1287 in
520 1227 645 1286 versibus
658 1227 697 1286 ad
709 1224 890 1286 Anastasinm
902 1227 1006 1288 montis
1023 1225 1102 1286 Sinai
1118 1226 1282 1288 antistitem
1342 1232 1347 1237 ’

381 1311 555 1390 Rogationes
570 1313 715 1381 triduanae
730 1324 799 1372 ante
816 1311 1005 1371 ascensionem
1022 1310 1127 1372 dominii
1145 1309 1261 1372 Graecis
1277 1313 1395 1392 ignotae

297 1405 382 1470 sunt3
400 1416 453 1456 nee
469 1397 525 1456 ulla
541 1398 648 1458 habent
658 1401 737 1456 stata
748 1395 850 1456 ieiunia
861 1398 934 1456 inter
946 1395 1051 1476 pascha
1063 1401 1094 1454 et
1106 1403 1298 1476 pentecosten.
1338 1420 1396 1477 νη-

292 1482 381 1544 ‘aecta
395 1479 451 1564 peip
468 1476 506 1544 ori
520 1479 695 1565 γέγραπται,
716 1473 788 1545 ou'di
801 1483 993 1562 γοναιιλισία,
1014 1481 1106 1559 inquit
1121 1479 1254 1540 Nicolaus
1273 1482 1396 1563 patriam

298 1565 353 1626 cha
369 1565 405 1626 de
426 1571 553 1647 tempore
573 1567 646 1626 inter
662 1564 767 1645 pascha
790 1571 821 1625 et
837 1570 1028 1646 pentecosten.
1069 1565 1134 1624 ride
1147 1564 1286 1646 Typieum
1298 1568 1395 1628 Sabae

298 1669 324 1710 a
339 1650 387 1714 51.
428 1651 568 1710 consentit
582 1670 645 1711 cnm
660 1651 704 1710 his
721 1651 825 1710 nostris
837 1651 1011 1711 Glossarium
1029 1649 1316 1732 Graeco-barbarum,
1335 1653 1392 1713 nisi

299 1734 379 1812 quod
400 1736 484 1795 scribi
502 1736 580 1796 iubet
598 1737 824 1818 διακαινίσιμος.
847 1736 918 1818 ‘sed
934 1734 1049 1797 duales
1074 1736 1138 1798 libri
1154 1736 1324 1820 scripturam
1338 1757 1394 1798 no·

297 1825 387 1882 suam
404 1819 567 1900 plenumque
582 1822 753 1900 praeierunt.

381 1901 528 1966 Dominiea
538 1907 611 1966 hanc
626 1904 829 1966 hebdomadem
841 1903 1032 1986 subsequens,
1059 1926 1132 1986 qaae
1146 1904 1227 1968 nobis
1240 1911 1286 1965 est
1301 1904 1393 1965 domi-

296 1989 360 2050 nica
372 1990 402 2049 in
420 1991 506 2070 albis,
529 1990 645 2054 Graecis
659 1997 705 2052 est
720 1987 812 2069 satori
825 1985 847 2069 ἢ
862 1988 917 2053 νέα
931 1985 1062 2076 supinari
1066 2037 1076 2070 ‚
1101 2013 1172 2054 naua
1184 1991 1330 2067 domama,
1361 1991 1392 2050 in

296 2093 383 2152 quam
395 2082 489 2137 exstat
504 2079 594 2138 oratio
604 2079 636 2136 S.
650 2075 780 2156 Gregorii
792 2074 982 2156 Nazianzos,
1001 2083 1032 2136 et
1049 2083 1093 2137 est
1113 2078 1203 2137 oratio
1225 2074 1275 2140 48
1317 2076 1393 2134 eius-

296 2161 362 2220 dem
375 2163 479 2222 mentio
492 2162 525 2220 fit
538 2162 568 2220 in
580 2181 687 2222 maone
702 2164 742 2226 66
763 2158 907 2221 Tmllano.
948 2169 1063 2222 vocatur
1083 2163 1169 2222 etiam
1192 2156 1321 2241 ιιυριαιιῆ
1335 2164 1393 2225 rori

297 2237 481 2326 α’ντιιιᾶσχα,
501 2248 582 2323 quasi
599 2249 731 2308 dominica
747 2244 1001 2326 pasclae'opposita
1021 2266 1072 2306 seu
1088 2247 1256 2326 respondeas,
1283 2251 1315 2304 et
1337 2267 1392 2306 aa·

297 2325 388 2408 ’ριαιιὴ
415 2333 470 2392 rori
501 2336 595 2412 Θωμιῖ
621 2351 671 2391 scu
694 2325 873 2410 ψηλάφησις
894 2334 950 2393 rori
971 2329 1060 2413 a‘yiou
1083 2327 1207 2407 ἐνδόξου
1225 2325 1392 2393 niaoosilou

298 2415 411 2493 Θωμᾶ,
442 2415 520 2490 quod
536 2435 570 2474 eo
593 2417 638 2474 die
655 2415 765 2493 legatur
785 2414 959 2492 evangelium
978 2417 1015 2475 de
1032 2413 1311 2496 Thomaapostolo,
1331 2433 1392 2475 ma-

296 2515 365 2558 num
380 2516 461 2559 snam
475 2499 505 2558 in
521 2496 636 2560 fixuram
648 2500 804 2578 clavorum,
825 2500 930 2558 Christi
948 2496 1099 2581 mandato,
1119 2503 1295 2560 immittente.

296 2613 482 2764 ...aaa
499 2607 1392 2765 collactaneas‘astasmesala:

295 2753 448 2821 ανγιλητοα
466 2753 636 2822 patriarchae
652 2760 768 2806 sesamum
785 2751 881 2807 ducunt.

248 2901 251 2910 ,
366 2851 402 2905 ib.
420 2869 446 2908 v.
463 2853 505 2906 12.
521 2849 646 2926 catasta]
670 2854 809 2908 orationem
826 2869 843 2907 a
858 2853 1004 2924 putrimcha
1023 2852 1181 2924 pronuntiari
1196 2852 1294 2907 solitam
1313 2868 1403 2921 repe·-

297 2919 349 2973 rier
364 2920 391 2972 in
408 2919 589 2990 Euohologicis
606 2923 712 2976 nostrisa
727 2915 823 2984 daciam
839 2918 909 2992 stan
927 2916 943 2975 ὅ
961 2919 1132 2992 πατριάρχης
1148 2919 1189 2985 εἰς
1202 2916 1254 2977 τὸν
1267 2917 1391 2992 βασιλέα,

297 2982 443 3057 ἐξαιρέτως
459 2984 491 3042 dl
508 2991 543 3062 τῇ
558 2987 667 3062 πέμπτῃ
684 2992 734 3060 τῆς
750 2991 971 3060 ὃιαιιαιαηαίριοα.

365 3090 401 3144 ib.
418 3109 443 3144 r.
459 3093 501 3146 18.
517 3083 742 3161 suavissimas]
758 3092 839 3145 oratio
850 3091 961 3144 mcundo
972 3108 989 3144 a
1002 3091 1149 3163 patriarcha
1160 3088 1290 3146 tundenda
1300 3088 1390 3146 eudem

298 3156 452 3229 Enchologii
467 3160 523 3214 loco
539 3159 666 3232 reperitur
681 3161 714 3215 ad
731 3161 826 3214 calcem
841 3161 935 3231 operis.

382 3265 418 3324 ib.
435 3283 463 3324 v.
486 3269 535 3330 20.
567 3265 603 3324 de
627 3265 701 3325 sesto
720 3272 896 3345 pentecostes
916 3267 980 3326 vide
1001 3284 1074 3342 qaae
1096 3265 1256 3345 scripsimus
1269 3264 1287 3323 l.
1310 3267 1328 3329 1
1351 3263 1388 3322 de

146 3418 149 3425 ι
247 3351 254 3363 “
295 3348 376 3407 festis
394 3369 417 3410 a
441 3352 492 3414 28.
540 3349 605 3410 olim
624 3349 654 3410 in
674 3351 748 3410 festo
769 3357 946 3432 pentecostes
965 3353 1106 3430 processio
1129 3349 1328 3410 instituebatur
1350 3349 1388 3406 ad

297 3434 432 3512 templum
446 3436 477 3494 S.
489 3433 573 3495 Mocii
584 3436 731 3514 martyris,
752 3438 796 3495 cui
808 3437 870 3517 ipse
882 3437 967 3495 etiam
984 3437 1136 3516 imperator
1153 3435 1295 3494 intererat.
1336 3434 1388 3491 sed

294 3525 397 3598 postea
415 3519 551 3598 abrogata
565 3526 609 3578 est
620 3519 657 3578 ob
673 3540 785 3583 eausam
802 3541 887 3598 quam
907 3527 1062 3581 memorant
1080 3521 1181 3581 Graeci
1199 3519 1338 3597 historici,
1358 3523 1389 3576 et

293 3603 325 3660 in
343 3603 387 3660 his
407 3603 510 3680 Glycas
529 3604 565 3662 de
588 3601 685 3663 Leone
708 3606 876 3684 philosopho
896 3607 1063 3684 imperatore
1083 3627 1111 3685 p.
1132 3609 1178 3665 ed.
1202 3604 1294 3665 Bona.
1317 3601 1389 3668 ⁶54.

190 3711 213 3768 p
228 3709 279 3770 247
297 3705 385 3767 quare
403 3708 461 3748 non
483 3689 582 3750 mirum
604 3691 628 3749 si
640 3690 766 3749 Codinns
781 3691 826 3748 die
840 3697 1017 3769 pentecostes
1029 3693 1089 3749 eius
1099 3691 1204 3751 nullam
1219 3689 1389 3750 mentionem

294 3773 379 3851 iacit,
400 3775 626 3851 quandoquidem
641 3776 697 3834 iam
715 3775 823 3854 pridem
834 3775 971 3854 abrogata
985 3779 1084 3837 fuerat.

384 3857 545 3918 Proeleusin
563 3878 613 3919 seu
634 3861 840 3941 processionem
852 3861 1026 3939 imperatoris
1045 3863 1092 3921 die
1108 3864 1286 3938 pentecostes
1304 3857 1342 3917 ad
1358 3857 1390 3914 S.

269 4011 271 4018 y
292 3943 430 4024 Sophiam
449 3944 600 4002 admodum
611 3946 725 4024 festive,
746 3947 814 4023 quin
834 3952 864 4004 et
875 3947 990 4006 ridicule
1001 3946 1133 4007 describit
1146 3942 1340 4024 Luitprandus
1359 3943 1389 4000 in

293 4048 345 4090 sua
366 4030 404 4088 ad
426 4027 616 4107 Nicephorum
640 4029 763 4092 Phocam
783 4029 939 4109 legatione,
968 4055 997 4111 p.
1023 4034 1084 4098 347
1100 4031 1191 4091 Bona
1233 4033 1286 4088 sed
1306 4026 1391 4087 Luit-

294 4114 421 4196 prandus
438 4112 565 4173 fortassis
579 4116 692 4176 sinistro
708 4137 761 4176 suo
780 4118 892 4176 aflectui
907 4117 938 4175 in
956 4117 1098 4194 Graecos,
1125 4115 1263 4190 aquibus
1286 4114 1317 4171 in
1336 4112 1391 4170 hac

295 4201 490 4259 secundusne
514 4197 654 4276 legatione
674 4220 733 4262 non
752 4200 824 4261 bene
847 4202 959 4261 habitus
988 4196 1096 4277 suerat,
1127 4199 1242 4258 nimium
1262 4197 1389 4256 indulsit.

295 4282 381 4364 longe
398 4283 479 4348 diter
493 4284 620 4349 Codinm
642 4307 705 4350 cum
724 4287 758 4370 in,
777 4287 831 4349 hoc
846 4287 931 4368 libro,
951 4277 1012 4346 tum
1032 4287 1062 4346 in
1083 4284 1246 4364 Originibus
1260 4281 1391 4366 Cpolita-
