3092 4942
281 265 316 310 vr
716 347 718 354 ,
769 245 901 312 (30th

280 443 332 501 sed
348 441 374 499 ei
391 440 444 500 soli
466 443 624 502 vovendum
655 461 739 520 quem
760 444 879 524 plurima
899 443 1052 523 respiciunt
1067 442 1185 518 Officia,
1208 446 1238 501 et
1257 443 1335 500 orins
1352 443 1382 502 in

281 546 375 603 fronte
394 543 548 622 praefixum
561 563 672 608 ,nomen
693 564 760 624 pars
782 545 844 603 libri
857 547 903 607 sit
922 545 1075 623 potissima.
1117 545 1159 602 sic
1177 548 1222 602 est
1245 545 1383 623 profecto,

282 645 440 705 Cardinalis
453 644 689 705 Eminentissime:
712 666 764 726 per
776 646 822 706 Te
832 647 960 705 Codinus
973 645 1073 704 mirum
1085 645 1116 703 in
1128 646 1243 704 modurn
1254 652 1384 724 augetur,

283 766 384 826 nempe
402 747 526 824 quinon
548 747 652 806 Officia
670 747 761 806 solum
782 752 928 817 enumerat
950 765 1071 825 magnae
1093 746 1225 806 ecclesiae
1247 753 1277 806 et
1303 747 1383 806 aulae

282 851 465 930 Cpoiitanae,
497 849 652 908 sedetiam
674 848 841 928 ampliores,
871 866 943 923 quas
967 849 997 908 in
1023 847 1069 907 Te
1088 847 1212 927 colligis,
1237 851 1383 926 utriusque
1426 897 1430 905 .

282 952 380 1033 palatii
392 951 475 1030 Regii
497 956 527 1008 et
543 949 671 1009 Vaticani
693 950 847 1028 dignitates
866 950 977 1008 videtur
995 949 1152 1028 expressius
1165 958 1383 1029 repraesentare.

282 1063 456 1134 quapropter
471 1059 613 1112 auctorem
628 1053 702 1111 hunc
720 1052 787 1114 Tuo
808 1053 922 1112 nomine
945 1052 1127 1129 consignasse
1146 1051 1253 1112 sincere
1273 1058 1304 1111 et
1322 1053 1384 1112 sine
1420 1093 1430 1114 .

163 1145 173 1170 ‘
282 1159 346 1215 fuco
360 1157 494 1235 profiteor
515 1155 693 1232 praecipuam
715 1173 749 1214 err
768 1154 838 1214 meis
859 1156 898 1213 ad
910 1173 974 1213 eum
990 1154 1075 1212 notis.
1117 1152 1159 1212 ita
1171 1172 1230 1212 non
1242 1155 1316 1213 foret
1329 1155 1385 1213 iste

281 1277 370 1336 meus,
393 1258 448 1317 nisi
460 1255 550 1315 Tuus.
592 1256 699 1316 utinam
716 1255 783 1316 olim
800 1256 912 1315 Codino
936 1255 1034 1315 datum
1055 1252 1121 1312 Tno
1140 1255 1197 1323 frui
1216 1262 1384 1336 conspecta:

282 1379 354 1418 unus
376 1360 401 1416 ei
421 1358 521 1416 fuisses
544 1357 612 1416 satis
630 1359 668 1416 ad
686 1376 788 1419 novam
808 1357 969 1419 officiorum
984 1356 1057 1415 bene
1073 1356 1187 1434 longam
1205 1359 1305 1418 seriem
1317 1344 1397 1418 con-¹

281 1461 439 1518 texendam
482 1477 579 1534 quarn,r
589 1459 744 1520 luculentas
764 1460 795 1517 in
815 1459 893 1518 illum
909 1479 984 1518 nunc
995 1462 1243 1520 commentationes
1257 1461 1384 1521 ederem!

282 1579 368 1637 quam
381 1561 481 1639 ingens
495 1561 643 1640 implerent
659 1561 806 1640 volumen,
829 1561 879 1618 ubi
901 1562 974 1621 circa
988 1563 1114 1641 singula,
1147 1561 1249 1640 quibus
1270 1564 1385 1641 perfun-
1432 1603 1434 1607 -

282 1666 346 1720 ctus
361 1680 409 1740 es,
429 1681 563 1742 munera,
587 1668 696 1741 quanta
711 1663 756 1724 Te
768 1663 904 1741 gessisses
914 1664 953 1722 'in
965 1683 1137 1740 unoquoque
1150 1665 1300 1749 prudentia
1313 1666 1384 1723 inte-
1414 1720 1429 1764 ⁸

282 1764 386 1840 gnitate
405 1763 505 1840 laude,
532 1765 666 1823 curiosius
681 1768 878 1825 annotassem!
914 1770 946 1824 at
963 1765 1033 1842 quid
1053 1783 1126 1824 vana
1140 1767 1242 1824 mentis
1262 1765 1385 1825 oblecta-

282 1865 360 1922 tione
381 1864 520 1923 deludor?
552 1867 649 1942 ‘quasi
669 1887 736 1926 vero
757 1867 833 1925 notis
852 1866 978 1944 indigeat
1007 1867 1086 1942 qnod
1109 1867 1237 1922 omnibus
1260 1866 1386 1925 notnm‘l

282 1966 420 2024 neminem
437 1967 491 2026 hoc
503 1968 601 2046 fugere
614 1969 716 2048 potuit
759 1967 805 2027 Te
828 1967 1055 2045 quotusquisque
1075 1964 1156 2022 facile
1178 1966 1384 2044 suspiciendum

281 2069 399 2148 habuit,
428 2088 512 2146 quem
537 2071 639 2130 decora
662 2073 799 2130 virtutum
821 2075 888 2128 ante
915 2083 1069 2145 purpuram
1093 2064 1198 2142 ubique
1222 2074 1384 2130 stahrerunt
1495 2143 1508 2160 ⁹

281 2170 546 2230 Eminentissimum
590 2170 635 2229 Te
661 2171 746 2232 talem
776 2187 918 2248 purpurae
941 2166 1035 2244 fulgor
1060 2167 1183 2246 invenit,
1220 2188 1280 2230 nou
1309 2172 1382 2234 fecit

282 2271 350 2328 nihil
369 2273 407 2328 ad
428 2272 576 2332 veritatem
597 2272 690 2330 addo:
725 2271 766 2330 sic
785 2271 862 2348 apud
879 2288 925 2329 me
950 2287 1112 2348 supremum
1126 2269 1242 2328 aeterni
1263 2271 1383 2333 numinis

281 2371 312 2428 in
326 2370 371 2437 Te
386 2371 539 2448 consilium,
564 2390 623 2430 non
640 2371 793 2448 desultoria
808 2371 978 2450 cogitatione
997 2371 1049 2430 sed
1062 2373 1191 2431 accurato
1204 2373 1306 2430 mentis
1319 2392 1384 2432 exa-

236 2529 238 2534 ,
281 2471 367 2547 mine,
389 2469 466 2530 soleo
481 2473 629 2550 pensitare.
673 2473 727 2553 Te,
743 2475 837 2535 fausto
850 2492 966 2554 prorsus
980 2474 1082 2551 omine,
1105 2474 1228 2533 decrevit
1244 2475 1384 2536 adlectum

281 2572 312 2636 in
332 2572 556 2650 praedicatorum
575 2575 721 2655 familiam,
755 2578 786 2636 in
808 2596 865 2655 qua
885 2577 1048 2636 meritorum
1065 2574 1201 2652 suffragio
1221 2596 1287 2636 vere
1309 2579 1384 2640 fores

251 2745 255 2754 1
281 2693 424 2752 purpurae
437 2677 612 2738 candidatus.
654 2679 699 2738 Te
720 2646 819 2740 natubr
833 2681 864 2738 in
881 2679 1000 2738 salutem
1022 2676 1105 2734 huius
1127 2676 1385 2756 imperiivoluitad

283 2777 446 2837 doctoratus
460 2781 580 2855 gradum
592 2783 765 2860 promoveri,
796 2801 870 2860 quae
890 2780 984 2840 laurea
1002 2790 1062 2837 noh
1079 2777 1197 2838 obscure
1209 2772 1303 2842 lauros
1315 2782 1384 2846 alias

282 2877 478 2952 adumbrarct3
508 2886 539 2939 et
561 2884 639 2959 quod
662 2885 817 2961 antiquitas
835 2883 995 2946 fabulosum
1014 2882 1128 2958 cecinit,
1153 2884 1280 2944 veritah‘s
1303 2906 1385 2965 prae-

282 2979 411 3042 nuntium
430 3000 465 3040 ac
481 2987 659 3061 praeconium
679 2986 831 3065 posteritas
847 2985 1068 3065 comprobaret,
1100 2983 1244 3045 Palladem
1267 3006 1284 3044 e
1309 2987 1384 3048 Iovis

282 3080 395 3139 cerebro
409 3089 521 3162 natam,
551 3086 682 3148 laureatis
706 3090 790 3152 armis
809 3087 990 3166 instructam,
1021 3085 1196 3146 Athenarum
1209 3088 1385 3149 acscientia-

282 3200 345 3241 rum
358 3185 479 3242 omnium
493 3186 547 3244 sibi
570 3207 746 3268 comparasse
765 3189 944 3269 praesidium,
972 3208 1006 3248 ac
1020 3188 1140 3249 subinde
1153 3190 1191 3247 ad
1203 3189 1293 3248 oleam
1307 3192 1384 3270 pacis

283 3291 478 3362 argumentum
491 3283 610 3346 Athenis
629 3291 811 3368 plantandam
830 3298 918 3369 atque
937 3309 1035 3370 pacem
1052 3291 1142 3368 ipsam
1163 3289 1193 3348 in
1213 3291 1309 3353 orbem
1322 3294 1383 3354 uni-

281 3406 399 3461 versum·
407 3391 616 3468 propagandam
632 3393 752 3452 animum
767 3395 944 3454 convertisse
983 3409 1067 3468 quem
1089 3389 1196 3451 caelrun
1219 3394 1385 3473 designabat

282 3495 448 3570 protegen,
476 3492 556 3551 Ordo
579 3493 773 3570 provincialem
793 3493 979 3568 renuntiavit:
1013 3492 1086 3552 sacri
1104 3491 1202 3571 palatii
1219 3497 1383 3575 magistrum

258 3590 360 3667 ,prius
383 3593 505 3654 institnit
532 3595 657 3672 pontifex
684 3614 770 3673 quam
793 3616 893 3674 regum
919 3612 1067 3674 supremus
1091 3593 1190 3654 Gallici
1218 3599 1383 3658 ministrum.

283 3685 380 3752 virtuti
407 3697 528 3774 proclive
547 3717 599 3776 per
621 3698 786 3758 descensum
812 3699 952 3775 gradatim
978 3697 1137 3755 ascendere.
1180 3701 1259 3775 qnod
1282 3701 1385 3760 deinde

283 3793 389 3854 bonum
409 3800 528 3876 contigit
540 3798 735 3879 Aquensibus,
765 3799 903 3858 ardebant
923 3800 979 3859 toti
996 3797 1224 3861 Praedicatomm
1243 3801 1335 3859 ordini
1354 3802 1384 3860 in

284 3898 401 3959 comitiis
419 3899 614 3962 Genuensibns
629 3903 704 3962 Galli
723 3908 753 3962 et
773 3902 852 3980 Itali,
887 3920 1006 3979 qnorum
1021 3901 1152 3961 iudicium
1171 3901 1215 3960 vel
1234 3920 1270 3960 ex
1289 3922 1323 3965 eo
1337 3923 1383 3962 sa-
1472 3944 1483 3954 -.
1541 3866 1544 3883 l

284 3999 363 4076 piens
388 4003 598 4079 comprobatum
623 4012 684 4082 est,
717 4005 796 4082 quod
816 4023 902 4066 unum
923 4023 940 4062 e
958 4004 1053 4064 multis
1075 4004 1120 4064 Te
1141 4003 1234 4064 Gallia
1245 4006 1384 4065 censuerit

188 4105 190 4110 ’
284 4102 413 4176 universa
434 4104 549 4181 dignum
570 4109 619 4185 qui
639 4107 793 4186 principem
811 4090 944 4185 referres,
964 4109 1009 4167 cni
1029 4107 1119 4168 nescit
1142 4106 1217 4165 orbis
1230 4106 1383 4184 aequalem.
1452 4123 1457 4129 ·
1542 4130 1543 4151 ÷

285 4203 437 4298 prudenter
457 4205 633 4268 hauddubie
652 4209 702 4268 tibi
717 4214 779 4270 turn
792 4206 886 4270 Roma
898 4197 1182 4290 purpuram'obtulit,
1207 4208 1271 4270 cum
1289 4227 1386 4287 regem
