3092 4942
254 331 325 409 150
414 323 692 433 enqrssmm
708 327 841 400 eorm
854 325 1182 396 communimus

250 479 838 624 rorarios-iettensem
856 482 892 542 ’ἃ
917 489 1046 558 ‘ue
1064 469 1166 573 aa.

520 596 529 624 ,
584 614 587 620 ,
791 592 798 608 .

335 665 425 727 Notio
437 671 468 726 et
480 663 560 740 origo
572 662 693 730 nominis
707 661 777 722 satis
790 666 909 724 constet
950 663 1027 740 apud
1041 661 1234 729 Balsnmonsm
1246 670 1314 724 tom
1327 668 1344 728 1

251 754 324 823 Iuris
339 751 396 810 GR
408 751 529 829 legimus
542 747 755 828 protopcpcdm,
770 753 804 812 ut
822 751 915 811 rectus
927 747 966 806 sit
979 741 1231 828 τρωτοεταττοὲδης.
1262 751 1349 808 inter·
1366 765 1369 774 ¹

249 858 318 916 pres
336 835 557 918 primopnpcdm:
586 833 638 891 sed
651 897 654 903 ,
668 832 757 890 satius
780 831 891 900 videtur
911 832 942 890 iu
966 831 1056 892 biset
1073 833 1208 900 similibus
1230 836 1350 894 retinere

254 924 372 984 Graeco„
413 923 444 988 in
470 917 675 994 ancogmecia
694 915 742 975 fol.
761 918 824 980 218
842 916 944 976 dicitur
967 923 1172 994 πρωτοπυττοῖς
1192 918 1211 981 ἱ
1233 923 1351 999 reprime

254 1012 317 1072 cciv
339 1004 455 1089 ἱερὲων,
494 1006 556 1063 iura
575 1003 649 1064 iilius
674 1003 705 1062 in
723 1001 822 1062 eadem
845 1000 1050 1078 Turcograecia
1076 1002 1126 1062 fol.
1151 1001 1214 1068 258
1235 1025 1351 1088 πρωτρ.

199 1087 204 1091 ’
256 1095 425 1161 moedicia
437 1088 620 1170 appellentur.
1239 1109 1241 1114 ’

333 1198 362 1256 p.
376 1183 432 1244 fir.
446 1181 475 1237 2.
517 1174 651 1248 Sequitur
671 1170 689 1234 d
702 1164 884 1250 δευτερεύων
898 1172 960 1232 τοῖν
973 1166 1091 1250 ἱερέων,
1111 1168 1240 1230 secundus
1261 1190 1353 1234 τοτττ·

256 1265 364 1338 εἱοὶυοι,
385 1251 546 1324 εἰσοὶεεὶων
559 1254 631 1329 τους
645 1255 749 1337 ἱερεῖς,
772 1257 830 1314 dux
840 1261 870 1314 et
882 1257 1041 1316 antecessor
1054 1256 1230 1314 sacerdotum
1243 1262 1273 1315 et
1286 1277 1353 1332 pro-

257 1349 348 1407 ximus
365 1365 384 1404 a
398 1350 572 1422 protopapa,
593 1359 677 1417 quem
694 1340 790 1400 lunius
806 1359 864 1399 ηοη
879 1340 951 1400 male
976 1339 1200 1422 drvreporcmtciv
1218 1341 1354 1418 appellat.

257 1439 290 1498 at
303 1431 375 1499 male
386 1430 470 1488 illud:
489 1432 537 1508 qui
548 1426 694 1486 sacerdotes
707 1426 866 1499 introducit,
889 1419 1067 1499 εἱοοδεύωυ,
1088 1428 1212 1494 nimirum
1225 1427 1254 1484 iu
1267 1428 1354 1486 tribu·

257 1517 320 1591 τιοὶ,
342 1520 369 1576 ri
387 1533 468 1594 quam
488 1532 597 1573 οονεοοε
618 1513 751 1589 ugmdom
769 1513 919 1580 tabuerint.
960 1510 1037 1570 nullo
1063 1512 1163 1580 modo)
1190 1529 1256 1568 nam
1275 1509 1356 1574 εἰσο-

258 1597 359 1679 derisio
378 1604 423 1659 est
443 1616 505 1658 esse
522 1597 639 1663 eliorum
661 1596 691 1656 in
701 1598 788 1655 sacris
800 1595 964 1658 ministeriis
972 1594 1160 1654 functionibus
1173 1601 1203 1652 et
1215 1595 1356 1672 supplica-

258 1686 381 1751 tionibus
403 1685 502 1746 ducem
520 1688 551 1742 et
575 1683 656 1758 quasi
676 1685 881 1746 antecessorem
903 1687 933 1740 et
954 1682 1115 1752 ductorem3
1135 1680 1212 1756 quod
1224 1681 1309 1742 etiam
1321 1699 1356 1740 ex

259 1770 447 1846 descriptione
460 1771 516 1829 cori
536 1759 761 1844 δευτερεύοντες
780 1767 906 1843 diaconi,
931 1784 1003 1842 quae
1023 1765 1148 1840 proxime
1167 1764 1356 1842 subiungitur,

259 1857 438 1920 manifestum
448 1852 555 1915 evadit
597 1854 804 1933 denteropepae
819 1849 938 1932 uirilem,
961 1851 1076 1912 sirecte
1091 1850 1218 1930 memini,
1238 1851 1357 1916 meatim

262 1959 327 2006 uem
340 1939 533 2001 fadreinius.
572 2002 575 2008 Α
1154 1947 1155 1954 ’

263 2043 1357 2190 „cuttu{aitt‘ttittttt‘tttttdt‘tt'ttttti'tttttitft}

264 2207 322 2244 cum
341 2190 469 2262 episcopis
484 2189 659 2255 sacerdotes),
692 2184 763 2244 ὅταν
780 2187 866 2242 ἱεὶτεε
880 2183 899 2255 ὁ
913 2185 1120 2256 conterraneis,
1141 2181 1197 2257 ἔχει
1212 2181 1243 2262 ἐν
1259 2189 1294 2260 τῇ
1312 2181 1358 2246 ἐκ·

265 2259 364 2333 νὶηοὶρι
380 2256 416 2313 τὰ
433 2261 557 2326 πρωτεῖα
575 2254 680 2317 πάντα.

232 2384 236 2392 ·
346 2367 410 2440 p,6
427 2360 497 2428 ut,
539 2361 662 2422 Ultimus
680 2361 734 2420 hac
758 2365 839 2418 sexta
858 2357 981 2448 peutade
995 2367 1040 2422 est
1062 2359 1081 2426 o‘
1101 2355 1282 2442 δευτερεύων
1296 2361 1358 2422 τοῖν

264 2443 428 2518 διακόνων,
445 2446 573 2504 remandes
586 2445 727 2519 decemo,
748 2449 866 2525 πρῶτος
879 2448 941 2508 τῶν
956 2449 1085 2524 νοννῶν,
1109 2448 1217 2522 primus
1230 2467 1265 2506 ex
1282 2465 1358 2504 com·

253 2532 393 2599 munibus
406 2531 545 2608 diacoub,
566 2529 617 2590 eci
629 2525 791 2592 εἱοοδεεὶων
805 2525 876 2603 τούς
891 2525 1059 2605 διακόνους.
1099 2531 1209 2598 Iunius:
1230 2539 1256 2592 ct
1269 2531 1359 2590 dinco-

264 2639 313 2678 mr
327 2620 479 2676 intromittit
484 2636 496 2684 ,·
510 2615 647 2690 additque
662 2615 717 2673 boc
728 2613 877 2683 scholium:
901 2619 930 2676 in
940 2617 1094 2696 functiones
1111 2625 1137 2676 et
1151 2622 1276 2676 stationes
1289 2621 1360 2694 ipro-

265 2721 332 2767 ruor.
374 2707 407 2770 tu
428 2700 549 2777 corrige:
570 2701 619 2775 qui
638 2701 817 2760 diaconorum
836 2701 944 2774 ductor,
965 2709 1065 2772 rector,
1089 2701 1201 2762 director
1221 2708 1251 2772 et
1269 2706 1302 2759 ut
1320 2700 1360 2758 sic

265 2787 357 2845 dicam
369 2786 509 2862 dispositor
523 2790 576 2843 ert:
599 2786 653 2842 boc
666 2784 740 2842 enim
756 2790 802 2842 est
817 2783 996 2861 εἰσοδεύετν,
1019 2787 1096 2862 quod
1111 2787 1250 2864 significat
1263 2803 1360 2862 quem-

265 2871 335 2944 libet
345 2871 376 2928 in
388 2870 462 2930 viam
480 2888 561 2928 suam
577 2871 657 2944 quasi
674 2871 866 2946 introducere,
886 2877 919 2929 ut
935 2871 1006 2930 sciat
1020 2889 1103 2946 quem
1117 2875 1241 2931 ordinem
1258 2877 1287 2934 et
1301 2875 1362 2928 sta-

266 2959 372 3016 tionem
395 2962 491 3014 tenere
514 2954 625 3014 debeat.
675 2956 746 3014 vidit
770 2956 884 3015 taudem
909 2956 1006 3014 lunius
1029 2957 1102 3016 hanc
1127 2959 1284 3033 notionem,
1310 2955 1362 3012 sed

267 3043 348 3118 quasi
369 3059 420 3116 per
438 3040 582 3117 nebulam,
603 3045 637 3097 ut
654 3045 774 3116 apparet
791 3059 825 3098 ex
846 3040 951 3099 scholio
966 3043 1043 3117 quod
1056 3061 1124 3100 suae
1140 3039 1362 3121 interpretationi

248 3141 251 3150 ·
265 3126 399 3189 adiunxit
441 3145 475 3184 ex
495 3145 552 3200 quo
566 3131 676 3202 tamen,
699 3131 833 3201 tanquam
846 3127 876 3183 in
891 3126 974 3194 rebus
988 3126 1178 3196 ecclesiasticis
1191 3127 1363 3184 Graecorum

267 3210 349 3275 valde
361 3209 465 3280 scilicet
478 3211 579 3286 perito,
595 3212 785 3284 quaerendum
799 3217 859 3269 erat
874 3231 959 3288 quare
971 3211 1086 3270 verbum
1100 3207 1216 3274 εἱσοδεύ
1219 3205 1263 3272 ειν
1276 3211 1362 3268 iuter-

268 3299 396 3372 pretatus
410 3295 465 3371 sit,
480 3293 599 3368 loquens
614 3296 649 3352 de
662 3297 809 3360 sacerdote
823 3298 964 3372 secundo,
984 3297 1149 3356 introducens
1162 3296 1222 3354 ilios
1235 3299 1264 3353 in
1278 3295 1361 3353 tribu·

266 3379 332 3453 nol,
353 3382 472 3455 siquam
486 3397 594 3435 caerem
607 3381 737 3454 agendum
757 3382 909 3452 habuerint,
927 3382 1057 3458 idemque
1079 3380 1194 3444 verbum
1212 3380 1310 3438 eadem
1324 3378 1364 3435 si·

267 3461 445 3542 gnificatioue
463 3480 522 3519 ηοη
546 3463 745 3538 interpretatus
768 3467 807 3523 sit
831 3466 861 3522 in
889 3467 1076 3540 descriptione
1102 3466 1218 3534 secundi
1244 3463 1363 3537 diaconi,

267 3548 431 3623 praesertim
444 3564 508 3615 cum
520 3548 644 3612 diversae
657 3551 779 3613 notionis
793 3549 899 3617 nullum
911 3569 1027 3626 prorsus
1040 3550 1173 3622 indicium
1191 3548 1363 3626 Curopalata

269 3633 386 3703 dederit.
1099 3681 1102 3688 ,

250 3745 252 3748 ⁴
352 3717 457 3783 Verum
477 3722 512 3775 ut
523 3716 675 3782 accuratius
689 3716 875 3796 intelligamus
889 3724 1017 3778 naturam
1031 3723 1060 3776 et
1073 3724 1107 3778 ut
1121 3719 1161 3778 sic
1181 3719 1270 3777 dicam
1283 3717 1363 3774 iudo-

268 3799 325 3874 lem
338 3803 419 3872 huius
435 3802 559 3877 diaconi,
577 3803 813 3876 operaepretium
830 3805 883 3861 erit
899 3805 994 3862 audire
1013 3804 1147 3862 Ioannem
1166 3805 1301 3878 Cinium,
1320 3799 1364 3858 cui

270 3886 339 3955 ¹uaec
348 3888 446 3964 ignota
459 3906 517 3946 ηοη
529 3887 658 3958 fuerunt;
676 3887 725 3960 qui
738 3887 778 3956 ait
794 3889 940 3958 diaconum
954 3891 1039 3956 istum
1052 3909 1110 3948 ηοη
1129 3889 1194 3965 eligi
1215 3894 1264 3947 aut
1279 3884 1366 3966 creari

270 3970 430 4052 simpliciter
444 3973 482 4037 ed
495 3970 576 4038 unius
588 3971 749 4049 arbitrium,
768 3974 819 4030 sed
837 3970 899 4033 κατ’
910 3970 1053 4054 ἐκλογήν,
1070 3994 1118 4052 per
1131 3974 1284 4050 suffragiu:
1303 3987 1365 4028 esse

198 4051 209 4068 ’
271 4059 346 4118 enim
358 4057 494 4116 eiusmodi
507 4055 641 4132 officium,
666 4059 743 4132 quod
764 4058 904 4120 desideret
918 4060 1007 4124 virum
1020 4060 1149 4123 dextrum
1162 4063 1316 4133 aptumque
1328 4055 1365 4112 ad

271 4162 368 4205 omnes
389 4143 473 4214 etiam
493 4141 610 4211 fortuito
631 4149 806 4201 occurrentes
822 4144 994 4215 functionem
1016 4161 1135 4218 quorum
1149 4143 1257 4218 aliquas
1270 4158 1366 4199 recen-

272 4233 326 4290 set
366 4228 456 4304 prima
479 4231 524 4284 est
545 4226 678 4302 ingressis
701 4228 731 4285 in
751 4229 887 4306 templum
909 4226 1122 4304 imperatoribus
1147 4233 1177 4286 et
1201 4224 1365 4304 patriarchis

272 4313 372 4381 faustis
391 4311 635 4400 aceiametiouibus
655 4311 727 4372 bene
747 4315 869 4395 precari,
894 4320 924 4374 et
936 4319 969 4382 ut
983 4312 1110 4380 Codinus
1124 4319 1221 4381 noster
1233 4313 1367 4390 loquitur,

1048 4435 1084 4513 Ι
