3092 4942
490 329 536 400 m
559 327 708 400 eoum!
727 329 813 398 GAP.
836 329 921 401 XX.
1171 331 1245 404 377

149 496 237 576 toris,
257 495 377 556 Gedrerr.
392 515 421 576 p.
443 490 523 572 594,
542 495 575 556 iit
592 494 799 558 loernanhotii
819 496 997 558 substitutus
1012 495 1154 574 'cyrenius
1176 501 1249 573 quo·

150 601 206 658 que
220 583 382 658 designatus
397 586 441 640 est
456 579 687 662 Theophylactus
706 581 828 644 Romani
846 581 988 662 Lacapeni
1006 583 1079 641 filius
1097 603 1115 643 a
1131 582 1250 642 Nicolao

150 667 326 746 patriarcha,
348 667 401 725 etsi
417 667 443 725 ei
463 685 521 724 non
534 668 685 747 successit,
707 671 759 728 sed
780 668 942 747 Stephanus
960 666 1096 728 Amaseae
1107 674 1251 745 metropo-

148 749 217 830 lita,
239 753 323 812 Cedr.
338 753 367 810 in
388 751 455 831 imp.
476 750 557 812 Rom.
572 751 640 814 Lac.
655 775 683 832 p.
698 755 768 818 fiet.
790 754 826 810 de
841 753 947 812 Ioanne
967 753 1090 829 syncello
1110 753 1173 829 lege
1192 753 1252 812 Zo-

147 856 246 896 naram
266 838 296 894 in
313 838 430 916 imperio
450 837 616 916 Theophili,
636 844 671 898 ut
693 844 724 897 et
743 839 780 896 de
793 837 930 897 Michaele
946 839 1071 915 syncello
1083 839 1252 898 cedrenum.

146 923 223 980 idem
243 923 390 981 cedrenus
410 925 579 982 mentionem
599 925 668 983 facit
691 924 890 1004 protosyncelli
917 924 947 981 in
970 923 1086 1000 imperio
1109 921 1254 980 Michaelis

146 1007 319 1086 Stratiotici,
340 1008 466 1084 satisque
479 1009 584 1068 indicat
597 1025 660 1068 eam
673 1008 709 1067 de
724 1026 781 1084 qua
794 1008 833 1066 ibi
846 1009 971 1085 loquitur
985 1007 1153 1084 dignitatem
1166 1002 1254 1064 fuisse

147 1093 307 1172 politicam,
326 1113 385 1152 uon
399 1093 629 1173 ecclesiasticam,
652 1113 715 1154 cum
728 1095 805 1153 dicat
819 1113 907 1172 penes
920 1093 999 1152 illum
1017 1093 1103 1151 fuisse
1122 1092 1254 1170 reipubli-

146 1197 197 1237 cae
211 1179 448 1238 administrandae
463 1199 565 1240 curam.
583 1184 627 1266 epi
638 1177 890 1263 apnroooyatttp
904 1177 1025 1257 Λέοντι,
1045 1178 1148 1258 iuquit,
1161 1194 1252 1259 ιιροο·

148 1257 290 1339 stridores
302 1259 338 1326 roi
352 1261 441 1328 soceri
453 1266 618 1329 διοικοῦντι
630 1270 673 1352 epi
684 1261 761 1340 τότε,

232 1364 286 1424 Est
300 1369 395 1426 autem
411 1365 550 1442 syncellus
565 1367 646 1443 quasi
666 1366 791 1424 eirrsdem
807 1365 892 1425 cellae
905 1384 1038 1445 consors,
1058 1370 1089 1426 et
1100 1370 1254 1444 protosyn-

147 1449 233 1508 cellus
247 1451 352 1528 primus
365 1451 439 1508 inter
452 1449 537 1510 cellae
559 1457 713 1511 consortes.
732 1470 778 1510 res
794 1453 911 1511 tandem
932 1452 963 1510 iu
985 1452 1131 1528 dignitatis
1149 1471 1253 1510 nomen

147 1535 233 1611 abiit,
255 1536 348 1610 utqui
363 1553 415 1593 nec
428 1533 597 1619 ors‘yxarcsos
616 1553 669 1594 nec
690 1529 845 1616 criyaeltoc
862 1542 974 1614 essent,
995 1537 1066 1595 tales
1085 1543 1180 1595 tamen
1199 1557 1253 1614 ap·

146 1619 328 1699 pellerentur.
348 1619 422 1679 sicut
443 1619 527 1679 hodie
547 1621 628 1680 multi
651 1621 759 1680 habent
773 1639 837 1678 eurn
849 1621 961 1680 titulum
974 1626 1007 1680 ut
1022 1628 1157 1680 vocentur
1169 1621 1199 1679 S.
1213 1620 1252 1679 D.
1326 1669 1331 1682 .

147 1705 184 1763 Ν.
202 1703 352 1774 domestici,
370 1706 413 1764 ita
428 1710 457 1764 et
473 1707 587 1784 syncelli
601 1705 825 1784 patriarcharum
843 1707 959 1764 tandem
978 1713 1127 1764 evaserunt
1145 1706 1183 1764 illi
1203 1705 1253 1780 qui

147 1793 223 1848 sorte
233 1791 420 1865 nunquamin
430 1791 597 1870 patriarchio
611 1792 819 1852 habitaverant.-
828 1790 893 1848 huic
907 1797 1007 1867 postea
1017 1792 1150 1866 dignitati
1164 1809 1254 1866 agua-

147 1882 210 1932 tum
224 1877 414 1955 categoricos,
437 1871 711 1957 πρωτοούγιιελλος,
734 1891 770 1934 er
790 1875 874 1933 solita
887 1877 1016 1934 nimirum
1029 1875 1181 1933 ambitione
1194 1892 1253 1948 qua

148 1959 285 2038 simplicia
304 1959 440 2018 vocabula
463 1963 521 2022 roci
542 1955 665 2042 πρώτου
688 1960 845 2020 convestire
869 1959 970 2017 solent.
999 1959 1164 2017 invenerant
1188 1958 1255 2016 olim

150 2042 252 2104 Graeci
266 2045 377 2107 titulum
386 2045 554 2124 ,nobilissime
572 2065 617 2104 res
630 2046 676 2104 hic
689 2064 748 2104 non
761 2045 860 2122 stetit,
880 2042 995 2122 ambitio
1008 2045 1255 2123 πρωιονοοβελὶσ-

150 2150 238 2206 aaron
251 2149 312 2188 esse
325 2130 420 2188 voluit.
442 2149 494 2188 nec
509 2130 571 2206 hic,
589 2131 714 2204 queraris
728 2131 758 2188 in
770 2129 859 2206 longo
872 2128 1000 2204 nomine,
1014 2128 1093 2186 fin‘n:
1115 2135 1148 2185 ut
1161 2127 1256 2207 placet

58 2207 62 2222 '
149 2215 202 2272 tibi
224 2213 270 2270 ille
289 2215 320 2270 in
344 2214 409 2271 lure
434 2213 686 2280 Gracco-Romano
706 2210 764 2274 tt
788 2206 925 2288 Νικήτος
942 2213 1255 2294 πρωτονοιβελιοοιμο·

148 2298 334 2376 ϋιιὲρτοιιοςέ
355 2297 437 2374 quale
458 2305 613 2357 monstrum
630 2301 718 2358 tituli!
740 2306 821 2357 erant
835 2291 953 2356 Graecis
975 2290 1256 2378 rcpciedpoct‘titulus

149 2385 204 2442 iste
224 2381 369 2460 augendus
390 2381 444 2442 fuit
472 2385 645 2462 praescripto
668 2382 802 2442 vocabulo
833 2377 972 2464 cepticos,
1000 2378 1256 2464 aporoapo'edooc,

151 2469 229 2543 quod
238 2467 268 2526 in
282 2465 346 2526 Iure
356 2467 609 2530 Graeco-Romano
623 2470 729 2548 passim
743 2468 856 2527 obvium
869 2472 923 2526 est
940 2465 995 2524 etsi
1008 2473 1103 2526 autem
1116 2462 1257 2545 scriptura

148 2555 197 2612 illa
217 2551 359 2634 odyyetoc
375 2559 405 2610 et
425 2549 666 2634 ιιροιτοσύγγιλος
689 2555 767 2631 apud
789 2553 940 2613 nonnullos
961 2553 1112 2629 scriptores
1133 2553 1258 2628 reperia-

151 2645 214 2714 tur,
235 2656 293 2697 non
307 2638 405 2696 dubito
419 2644 514 2698 tamen
527 2640 657 2698 vitiosam
670 2657 749 2713 esse,
770 2653 991 2714 germanamque
1003 2637 1078 2693 illam
1096 2630 1257 2716 σύγκελλος

151 2729 181 2782 et
194 2717 473 2804 προοιοσύγιιιλλος,
496 2723 561 2800 quia
577 2723 681 2782 clarum
702 2727 747 2779 est
766 2741 785 2780 a
803 2723 934 2796 concello,
954 2719 1009 2778 hoc
1033 2719 1077 2777 'est
1097 2721 1133 2778 ab
1157 2719 1257 2778 eadem

151 2809 238 2881 cella,
255 2827 359 2866 nomen
372 2809 550 2868 descendere.
570 2807 636 2866 hinc
648 2805 814 2867 Wilhelmus
828 2804 934 2882 Tyrius
950 2802 992 2868 14
1008 2808 1048 2868 12
1069 2804 1257 2863 concellosno-
1324 2832 1326 2838 ·

150 2893 248 2950 minat.
290 2891 436 2950 Ennodius
454 2881 476 2950 l.
488 2895 515 2954 Ι1
536 2892 618 2970 epist.
636 2889 656 2953 5
677 2897 760 2948 vocat
781 2890 940 2965 relicturos,
960 2894 992 2947 et
1013 2891 1092 2964 quod
1115 2888 1257 2946 Graecrnn

150 2977 242 3052 magis
262 2977 406 3053 exprimit,
428 2976 610 3034 cmoelloneos.
652 2974 799 3034 Heraclius
820 2975 991 3051 imperator,
1013 2979 1047 3031 ut
1071 2974 1165 3030 estin
1186 2991 1258 3048 qua·

152 3065 219 3120 dam
232 3062 290 3120 eius
306 3061 521 3138 constitutione,
541 3057 614 3136 quae
627 3066 720 3128 exstat
745 3059 762 3118 l.
785 3058 898 3120 tluris
921 3056 1180 3135 Graeco-Romani,
1204 3077 1258 3114 nn-

151 3166 258 3206 merum
278 3147 450 3224 cypsellorum
471 3145 510 3204 ad
532 3146 603 3206 duos
623 3145 740 3223 redegit.
770 3145 871 3202 mirum
889 3162 955 3202 vero
978 3144 1120 3221 Codinum
1145 3141 1259 3220 syncelli

152 3252 203 3291 seu
216 3233 387 3310 syncellum
401 3232 571 3292 mentionem
582 3231 688 3290 nullam
701 3230 815 3308 fecisse,
836 3231 904 3289 dum
917 3229 1076 3306 catalogum
1097 3227 1256 3287 officialium

152 3336 273 3393 magnae
285 3313 555 3394 ecclesiae‘tereret,
575 3317 630 3375 nisi
647 3315 712 3404 quis
732 3317 809 3376 dicat
831 3315 1016 3392 syncellorum
1036 3313 1255 3395 appellationem

152 3422 211 3460 nou
224 3403 307 3461 officii
318 3405 370 3462 sed
384 3403 529 3481 dignitatis
541 3403 635 3464 fuisse.

222 3517 284 3570 ibid.
320 3517 364 3586 qui
375 3517 471 3586 primus
482 3517 590 3570 omniurn
608 3503 753 3584 cciyaettoe
774 3513 880 3568 acideo
899 3511 1022 3582 temporis
1037 3509 1127 3563 ordine
1143 3525 1253 3575 ιιοοιιο-

153 3582 296 3654 oiyaettoc
306 3586 413 3654 legitur,
433 3585 482 3639 fuit
493 3585 640 3649 Anastasius
652 3583 696 3636 ille
711 3577 864 3654 presbyter,
882 3583 926 3638 cni
941 3583 1072 3634 referente
1085 3579 1255 3647 Theophane,

154 3671 231 3723 quam
254 3661 409 3725 conceperat
430 3655 463 3708 de
484 3655 536 3707 lida
557 3669 704 3724 perversam
727 3652 894 3717 sententiam,
915 3650 1017 3720 publice
1039 3646 1255 3730 pronuntiandam

153 3715 772 3860 ‘a‘transtretantesat
798 3719 1077 3842 ιιιιιιι
1092 3709 1255 3854 {tarsu

197 3863 302 3915 nitatem
320 3877 372 3912 non
385 3861 542 3928 exceperit,
565 3861 627 3912 nihil
652 3859 721 3912 aliud
742 3877 773 3912 eo
796 3858 902 3911 virente
916 3856 1026 3925 adeptus
1043 3871 1118 3924 quam
1137 3860 1167 3906 ut
1185 3858 1256 3905 esset

155 3932 286 3983 convictus
311 3930 365 3982 eius
382 3929 526 3999 particeps,
547 3930 636 3985 domus
660 3929 790 3996 cellaeque
806 3942 927 3988 comosa,
950 3925 1050 3977 erineo
1068 3924 1146 3989 rebus
1164 3923 1191 3974 in
1205 3921 1255 4002 dp-

155 3999 203 4051 biis
221 4001 348 4066 director,
362 3998 389 4050 in
413 3997 497 4050 arduis
522 3998 693 4062 nordbertus,
709 3995 866 4050 iri-secretis
883 3994 1017 4059 conscius,
1035 4009 1066 4046 ac
1084 3991 1206 4044 indirisus
1228 4006 1256 4042 ru

109 4113 112 4129 ,
156 4070 286 4138 prosperis
297 4075 324 4120 et
337 4067 452 4120 adversis
462 4066 622 4119 socinsmhoc
640 4067 747 4136 priscum
763 4066 838 4134 primi
856 4063 898 4134 qui
915 4062 1007 4132 legitur
1025 4061 1256 4140 syncelliornunpss

109 4145 114 4194 i
156 4137 222 4190 haec
230 4144 259 4190 ut
269 4155 331 4190 vera
341 4136 448 4189 nominis
459 4153 491 4188 ex
511 4135 608 4204 critici,-
620 4136 658 4188 ita
668 4136 766 4204 pariter
778 4133 858 4185 officii
874 4132 933 4185 finis
949 4138 977 4184 et
991 4131 1104 4198 cognitio
1123 4144 1256 4180 arncerror.

158 4205 287 4273 Euagrius
301 4206 334 4258 de
344 4206 399 4275 ipso
410 4153 523 4274 syncello
536 4206 553 4258 6
569 4207 601 4259 tc
621 4205 673 4257 rosi
689 4202 846 4268 Νεοτορίοο·
859 4197 997 4267 διάπυρος
1012 4195 1144 4264 ἐραστής,
1159 4190 1190 4256 ὃς
1206 4191 1255 4248 aul

157 4271 326 4343 οονέιιὸημός
343 4271 373 4326 οἷ
387 4271 500 4342 γέγονεν
517 4269 587 4343 πρὸς
603 4268 656 4339 τὴν
673 4267 827 4339 ἐπισκοπὴν
843 4266 1003 4338 cirotecam.
1031 4269 1155 4319 Socrates
1171 4266 1188 4318 7
1204 4265 1253 4318 aaa

111 4375 115 4408 ι
157 4345 244 4415 coste
266 4340 344 4417 adegi
361 4339 534 4408 Ἅνοιοοιὲιιος
555 4339 753 4415 noscensque,
781 4336 841 4412 cipe
865 4335 941 4416 crispi
970 4337 1001 4394 ἐι
1027 4338 1077 4406 τῆς
1094 4329 1256 4404 correptor
