3092 4942
496 279 732 402 'moenum
751 333 838 400 cru.
857 332 937 402 xv.
990 343 994 354 ’
1104 382 1108 391 ,
1199 331 1274 406 atr
1325 316 1338 330 “·

1104 423 1116 452 1

175 495 236 550 olim
252 493 354 566 scriptis
371 492 487 548 domnina
502 511 568 548 voce
584 494 710 548 laboribus
728 495 903 550 insectantium
923 494 1011 549 habita
1033 493 1139 547 solemni
1154 494 1204 548 ritu
1221 513 1277 552 me-

174 565 274 630 moria,
293 563 425 617 recensitis
449 563 525 617 etiam
553 564 700 617 haeresibus
719 563 783 634 ipsis
804 581 836 616 ac
857 581 981 635 perverso
1012 565 1133 633 cuiusque
1157 564 1277 633 dogmate

174 633 324 704 publicato,
341 631 436 684 cunctis
453 637 495 684 ter
517 627 650 700 ἀνάθεμα
665 632 819 700 inclamant,
841 641 869 686 et
892 631 1077 688 haereticorum
1096 632 1205 686 omnium
1228 652 1277 686 uo·

174 719 236 754 rnen
253 707 433 754 exsecrantur:
457 701 496 753 ita
512 700 606 752 dicitur
621 696 654 754 τί
678 696 827 756 συνοδικδν
850 703 901 767 τῆς
924 697 1005 768 ἁγίας
1017 699 1067 754 καί
1085 698 1278 771 οίκοομενικῆς

174 763 300 892 ἐβδίγωιγγς
315 765 435 824 συνόδου
453 763 703 838 ἀναγινώσκεσθαι.
720 770 856 825 ridendum
871 769 1005 824 Triodiun
1021 787 1073 840 quo
1088 771 1217 839 integrum
1231 789 1277 826 re-

173 855 234 911 pen
245 907 310 962 ibid.
343 902 462 975 ἵσταται]
479 905 539 959 ride
553 904 731 977 imperatorem
748 905 872 960 ardenae
888 905 995 960 deerets
1009 909 1182 961 venerantem.

262 1017 292 1077 p.
306 995 422 1060 82v.7.
446 987 535 1074 p'ridie
555 993 710 1073 palmarum
729 995 824 1072 agitur
844 1015 862 1053 a
882 995 998 1056 Graecis
1017 995 1204 1055 anniversaria
1217 1013 1275 1054 me-

174 1079 268 1139 moria
287 1083 441 1140 resuscitati
458 1079 582 1140 Lusum:
611 1081 670 1138 eius
695 1079 726 1138 in
752 1080 887 1138 honorem
906 1079 1042 1159 templum
1061 1081 1196 1139 exstruxit
1214 1079 1276 1138 Leo

173 1163 364 1242 Philosophus
385 1164 536 1243 imperator
552 1170 628 1225 teste
647 1164 777 1244 Zonara,
802 1171 833 1225 et
855 1166 885 1226 in
913 1184 948 1227 eo
967 1183 1077 1225 sacrum
1096 1165 1156 1224 eius
1175 1184 1276 1245 corpus

172 1269 212 1310 ex
232 1249 330 1327 Cypro
350 1250 517 1310 hunslatum
536 1251 671 1314 condidit

244 1346 309 1400 ibid.
343 1345 465 1418 δικαίου]
483 1349 575 1400 beatos
593 1363 679 1400 omnes
695 1347 722 1400 in
738 1347 826 1402 varias
840 1348 936 1402 classes
953 1346 1105 1401 distribuunt
1121 1346 1226 1400 Graeci
1246 1351 1275 1400 et

173 1417 249 1468 certe
261 1417 457 1500 ιιιοιιιιιιιίίἰεκιιι
473 1417 593 1470 Barueba
607 1417 680 1499 ,λιμοι
697 1418 842 1500 Stephano,
865 1417 1036 1500 apostolorum
1052 1417 1159 1484 collegio
1177 1432 1275 1470 connu-

172 1491 297 1550 meratos,
315 1483 370 1536 shm
387 1495 463 1539 enam
482 1483 670 1538 ίοανιοοτολων
686 1503 787 1538 nomme
810 1486 956 1552 honoratis,
975 1487 1130 1552 subiungant
1145 1479 1275 1552 λερομάρ-

172 1570 265 1620 τυρας
284 1551 418 1620 pontifices
434 1553 507 1607 simul
523 1561 551 1606 et
568 1559 709 1622 martyrem
732 1569 792 1606 mox
804 1550 947 1622 μάρτυρας
956 1554 1082 1622 (intellige
1093 1548 1184 1614 λιτοάς
1194 1553 1275 1606 nudos

172 1639 208 1676 ao
224 1621 370 1704 ‘simplicem
394 1630 546 1706 mart-yram·
562 1618 734 1707 dpotopproip
757 1625 916 1707 confessores
944 1622 1063 1675 nonnulla
1085 1628 1210 1703 tormenta
1233 1623 1276 1674 vel

171 1691 694 1820 tilithi?‘titillabit
706 1691 1276 1828 olttt“tttttt.l.tttlttllltillir

170 1777 340 1911 uiepoivpor
355 1827 486 1897 virgines;
508 1795 779 1897 πάρθενομάρνυρας
791 1798 907 1900 ’virgines
923 1826 996 1884 simui
1019 1844 1052 1882 ao
1068 1836 1207 1896 martyresr
1225 1793 1274 1896 pv:

170 1913 401 1966 ναικομαριυρας
412 1898 520 1954 feminas
536 1903 662 1965 martyreo
679 1903 729 1952 etc.

245 1999 283 2052 ih.
299 2014 326 2051 v.
337 2001 362 2058 8.
380 1991 422 2052 ἔπ’
439 1993 556 2068 ὀνόματι
572 1994 660 2054 αὐτοῦ
676 1995 779 2068 μονήν]
796 1999 868 2053 ouius
884 1999 1043 2052 fundatorem
1068 1998 1276 2067 LeonemSapi-

132 2075 136 2084 '
171 2072 259 2122 entem
276 2069 357 2120 refert
373 2067 439 2120 alius
454 2069 509 2120 Leo
528 2068 714 2124 Grammaticus
729 2069 755 2122 iu
773 2067 827 2121 eius
843 2069 905 2125 vita.
924 2063 1028 2120 ἔκτισεν
1042 2061 1057 2120 δ
1069 2063 1148 2119 Λέων
1160 2063 1198 2127 είς
1209 2063 1276 2129 τούς

170 2131 340 2204 λεγομένους
357 2132 468 2198 Τόπους
484 2132 535 2190 udo
552 2133 632 2205 άγιον
649 2133 795 2204 Λάζαρον,
811 2132 1018 2196 κατασκευάσας
1034 2130 1124 2204 μονὴν
1140 2130 1275 2203 δυδρείαν

171 2201 338 2272 εὐνούχων,
356 2200 429 2256 ἔνθα
447 2204 562 2258 καὶτοῦ
580 2201 662 2274 άγίου
679 2200 811 2272 Λαζάρου
828 2207 868 2257 o‘
887 2224 906 2258 α
927 2203 976 2258 καί
996 2205 1113 2272 Μαρίας
1136 2206 1186 2269 τῆς
1210 2207 1276 2257 Met

171 2273 319 2342 γδαληνῆς
335 2265 656 2343 transcurreremus,
674 2271 794 2342 ποιήσας
809 2269 845 2326 τά
872 2274 983 2340 γκαίνια
999 2271 1048 2326 καί
1065 2274 1116 2340 τῆς
1131 2269 1219 2342 αὐτῆς
1231 2269 1276 2325 ἐκ·

172 2340 300 2408 πλησίας.
318 2334 523 2410 άογολσυμένου
541 2337 573 2395 δὲ
590 2345 640 2396 τοῦ
664 2339 763 2396 στόλου
782 2337 822 2404 είς
844 2340 881 2396 νά
904 2342 1037 2426 scirposus
1060 2343 1116 2397 eoin
1140 2339 1277 2407 ,τοιούτων

172 2402 327 2478 ἐκκλησιῶν
342 2405 515 2479 παρελήφθη
533 2403 565 2464 io
581 2412 693 2484 Σικελίᾳ
710 2407 741 2465 τδ
763 2405 937 2480 Ταυρομένιν
952 2405 1008 2464 usti
1024 2409 1079 2463 τῶν
1092 2406 1206 2480 Ἄφρων.

245 2511 282 2564 r‘h.
299 2527 326 2568 v.
338 2512 380 2566 11.
399 2506 449 2574 τάς
465 2511 610 2582 γινομένας
627 2505 658 2566 ἒν
673 2515 733 2574 τοῖς
748 2512 943 2580 μονασοηρίοις
959 2503 1070 2580 ἑορτάς]
1082 2513 1104 2564 si
1120 2515 1150 2566 S.
1162 2513 1277 2584 Sophiae

173 2580 351 2650 apostolorum
375 2581 624 2665 Blacheruarumqpe
646 2581 785 2664 dempseris
803 2581 953 2664 ‘eeclesiam
978 2581 1040 2634 alias
1062 2583 1104 2633 hio
1120 2582 1277 2664 recumbas,

172 2649 1277 2790 ttttttlttll'llihtltllhttldftt‘’.mttttttrlt

172 2793 353 2850 enumeratas,
369 2787 526 2842 observabis.

245 2863 378 2918 r'b.r.13.
400 2835 654 2932 rtoiptorsregium
676 2861 796 2916 vexillum
824 2860 978 2934 imperatore
1008 2863 1113 2917 absente
1138 2861 1275 2930 οσλὶρυσσι,

172 2933 313 3002 praesente
328 2936 426 2985 rectum
441 2938 553 2986 tenetur.

246 3015 282 3069 r'h.
298 3033 324 3070 r.
337 3017 379 3072 16.
398 3011 497 3070 άπυειν
515 3011 648 3084 λαμπάδα
665 3011 710 3068 tut
726 3013 779 3068 rori
793 3013 945 3085 διβελλίοο]
970 3015 1030 3083 quid
1046 3014 1108 3068 illud
1132 3014 1214 3078 ritus,
1231 3031 1275 3066 ee-

174 3100 248 3138 reum
262 3085 302 3137 rel
313 3084 453 3155 lampadem
469 3085 495 3137 iu
514 3085 607 3138 vexillo
625 3083 787 3136 accendere?
803 3101 862 3136 num
877 3090 948 3136 recte
964 3083 1071 3147 arioler,
1088 3084 1168 3138 amice
1184 3083 1275 3148 lector,

118 3197 121 3208 .
173 3153 255 3206 iudex
272 3163 337 3206 esto.
352 3153 378 3205 in
395 3153 480 3207 aeneis
496 3155 585 3222 figuris
601 3154 661 3206 huic
680 3151 753 3222 operi
768 3151 876 3221 sparsim
895 3152 1017 3222 appositis
1038 3153 1199 3220 (describunt
1215 3151 1276 3204 illae

176 3223 338 3275 Graecorum
354 3223 537 3292 imperatorem
553 3223 674 3274 loannem
692 3221 806 3274 ultimum
823 3221 855 3274 ad
880 3221 1053 3274 Florentinum
1079 3222 1202 3290 synodum
1227 3221 1278 3273 iter

174 3290 323 3358 habentem)
341 3292 373 3344 ad
385 3292 452 3344 latus
462 3291 623 3363 imperatoris
637 3290 747 3342 sedentis
765 3290 792 3342 in
811 3289 907 3343 triremi
921 3290 1055 3355 vexillum,
1072 3291 1187 3360 superius
1203 3306 1220 3340 a
1237 3306 1278 3341 me

175 3355 316 3428 διβίλλιου
332 3361 486 3414 nominatum
500 3379 522 3418 c.
538 3361 553 3414 5
565 3367 626 3413 nota
637 3359 671 3411 ad
680 3377 706 3428 p.
719 3361 754 3413 39
766 3376 791 3410 v.
804 3360 852 3424 12,
863 3358 1053 3426 animadverto,
1066 3377 1098 3412 er
1114 3359 1186 3410 cuius
1195 3357 1277 3410 medio

178 3434 257 3480 conto
267 3428 389 3482 laternam
401 3431 458 3483 sive
468 3428 578 3500 phanale
588 3444 753 3498 prorumpens
765 3444 816 3479 non
827 3427 895 3479 aliud
906 3443 981 3548 puam
991 3429 1074 3496 ignem
1085 3428 1277 3497 imperatoribus

196 3497 319 3550 metatum
337 3498 469 3551 includere
485 3499 597 3550 mihimet
612 3496 764 3566 persuadeo.
791 3514 849 3548 num
866 3513 907 3549 mo
925 3513 941 3548 o
960 3491 1060 3550 ἅπτειν
1075 3491 1127 3564 τὴν
1144 3491 1278 3564 λαμπάδα

175 3511 275 3617 {uriom
291 3565 342 3616 rori
358 3565 496 3636 διβελλίοο
517 3583 597 3618 meam
614 3564 732 3617 admittet
751 3565 937 3634 coniecturam,
954 3568 1083 3636 approbem
1102 3565 1144 3618 vel
1160 3571 1189 3618 tu
1203 3565 1278 3636 quip-

175 3635 246 3702 piam
258 3633 325 3685 aliud
337 3635 395 3688 loco
407 3635 489 3704 magis
503 3651 641 3703 congruum
653 3632 775 3688 edissere.

264 3739 301 3797 ι’ί.
317 3758 343 3798 v.
367 3745 414 3805 18.
450 3739 598 3802 ridiculum
617 3745 662 3797 est
683 3739 759 3814 quod
773 3740 870 3798 Iunius
888 3740 1065 3817 suspicatur,
1087 3736 1198 3819 ω’ραίας
1218 3732 1276 3800 κου’-

177 3825 231 3896 λας
256 3825 346 3882 dictas
370 3825 449 3900 quasi
470 3827 608 3900 λονανίοσ,
635 3825 703 3903 qnod
725 3827 754 3883 ίκ
774 3828 861 3902 prr‘nto
888 3824 937 3881 ι’ίίο
963 3825 1114 3900 templorum
1142 3825 1220 3884 ndito
1240 3827 1278 3882 sit

179 3910 385 3968 commodissimo
405 3915 544 3968 enatorum
565 3917 590 3968 et
611 3909 803 3984 horologiorum
830 3908 908 3966 sedes.
951 3909 1079 3987 credam,
1106 3911 1155 3967 ubi
1180 3909 1277 3967 lamus

179 3991 414 4053 demonstraverit
435 3995 519 4054 etiam
535 3995 566 4052 in
588 3993 694 4072 templo
715 3992 969 4068 Hierosolymitano
990 4002 1103 4074 portam
1122 3996 1279 4073 speciosam

179 4075 284 4136 dietum
302 4098 364 4141 esse
386 4081 469 4156 quasi
490 4081 640 4154 ίιοιονίουι,
662 4078 739 4154 quod
760 4077 908 4138 sciaterum
923 4085 953 4137 et
973 4080 1179 4158 horologiorum
1194 4079 1277 4136 sedes

179 4168 262 4220 esset.

248 4242 312 4295 ibid.
352 4243 503 4296 vestibulum
528 4243 722 4296 monasticarum
752 4240 915 4296 ecclesiarum
945 4245 1113 4296 subeuntibus
1141 4248 1279 4296 occurrunt

181 4301 283 4378 ὡραῖαι
298 4309 398 4383 πάλαι,
416 4328 593 4384 nonuunquam
610 4309 751 4382 βασιλικαί
768 4319 941 4384 uunoupatao.
963 4313 1114 4369 emtihulum
1133 4311 1194 4368 illud
1210 4307 1280 4384 πρό·
