3092 4942
460 331 530 404 ,IN
546 331 695 406 comm
710 332 890 409 chem
1075 389 1079 397 .
1161 334 1239 412 310

205 495 247 582 id.
262 510 291 558 v.
303 497 350 582 12,
369 495 421 582 qia
437 489 592 568 ἀγρυπνίας
612 490 784 584 decimum]
807 494 927 568 volupia
939 493 1236 584 qddsqmoutm

144 565 261 622 nomon
279 565 305 622 in
323 569 434 636 vigilus,
452 583 516 636 quas
531 565 703 636 zomzsdnc
719 572 829 632 vome,
852 566 936 621 loson
958 574 1073 638 quaerit,
1094 566 1128 620 dc
1143 567 1237 638 qarbu

143 635 316 692 Simocattah
342 635 390 692 1³¹
413 630 465 689 orie
484 635 535 698 dec
556 635 623 706 γοῦν
648 637 709 698 τοῖς
728 629 867 705 inopium
890 627 937 688 issi
958 638 1018 698 scic
1033 629 1237 704 tetopeopisooc

77 733 79 746 ι
143 703 272 766 παιδίοις
288 691 441 776 fflictentur
478 720 556 772 γουσι
579 697 632 774 τὴν
648 697 755 771 ἡμέραν
778 704 936 774 συμποσίων
958 695 988 756 io
1023 707 1068 766 nir
1089 718 1234 758 mouns-

141 773 311 856 vestiendos.
329 773 581 856 dilectionispofiter
598 779 686 856 terror
707 773 854 856 asperitatis
871 787 976 858 amaus,
1042 771 1138 854 Christi
1152 782 1237 856 apris

141 840 1019 981 3333333333333333
1041 840 1147 962 :tt-'i
1161 849 1238 964 :bt

141 979 253 1044 iratres,
268 977 314 1034 ssd
331 985 359 1032 ct
376 977 564 1045 communioris,
581 979 690 1034 devotos
706 985 791 1032 tomen
803 981 871 1032 vitos
900 996 976 1032 rasos
1020 993 1062 1031 res
1072 978 1125 1029 suis
1136 977 1238 1048 scriptis

142 1047 281 1101 celebrant.
297 1046 473 1102 commendant
488 1047 514 1098 in
531 1047 675 1119 praecipuis
692 1045 789 1102 Christi
805 1047 898 1101 domim
916 1056 945 1103 st
985 1045 1009 1100 ei
1072 1047 1178 1099 ciestis
1191 1061 1237 1098 ec-

142 1115 286 1169 clesiastica
302 1117 405 1186 officis,
422 1115 467 1170 uhi
489 1115 687 1202 frequentiorem
707 1117 814 1202 piebem
830 1117 864 1170 sd
889 1115 993 1169 concine
1027 1132 1058 1169 ss
1080 1113 1122 1166 dci
1147 1113 1237 1198 lpudps

141 1185 1027 1324 bittit„iitnittrttf't‘tntbttittdfflr
1047 1191 1168 1307 :¹th
1178 1201 1237 1305 3

141 1271 245 1442 punenii
260 1323 365 1386 horem,
381 1340 433 1376 non
448 1321 529 1394 possit
544 1325 577 1376 sh
593 1323 747 1394 imperatore
761 1341 812 1377 non
829 1322 963 1378 celebrari.
986 1322 1019 1377 de
1035 1319 1075 1375 his
1085 1320 1158 1374 festis
1168 1320 1223 1391 vigi

153 1391 201 1444 stis
218 1397 314 1444 tractat
331 1391 437 1446 dilutius
453 1391 487 1443 do
502 1390 546 1442 iih.
579 1392 681 1448 Eccics.
700 1393 803 1446 Graeco
822 1391 1004 1446 dissertatione
1021 1395 1046 1447 1.

225 1465 261 1523 ib.
285 1483 311 1522 v.
334 1466 382 1526 13.
417 1463 564 1524 duodecim
582 1465 637 1523 ista
656 1465 800 1541 evangelia
821 1469 901 1523 erant
927 1470 1023 1542 partes
1046 1466 1236 1537 etquattuor

142 1548 319 1625 evangelistis
339 1549 518 1628 desumptae,
543 1553 576 1606 ut
593 1549 708 1629 planum
731 1550 764 1608 iit
785 1568 819 1607 ex
840 1550 1011 1608 Graecomm
1033 1546 1167 1623 Triodio‚
1187 1546 1236 1604 uhi

141 1633 289 1693 duodecim
301 1633 357 1692 ista
369 1633 513 1710 evangelia
526 1633 624 1695 ordine
645 1640 857 1713 enumerantur,
884 1635 1018 1693 adiuncto
1037 1631 1236 1708 evangelistae,

141 1737 175 1776 er
194 1737 252 1794 quo
269 1715 413 1793 quodlibet
430 1721 608 1796 desumptum
628 1725 689 1796 est,
716 1720 835 1778 nomine.
875 1720 973 1794 itaque
993 1717 1062 1777 nihil
1080 1716 1149 1775 haec
1163 1717 1236 1775 duo-

141 1803 231 1861 decim
251 1801 456 1880 evangeliorum
473 1802 555 1862 tectio
577 1803 615 1862 ad
638 1804 713 1862 iliam
735 1810 871 1880 quattuor
887 1802 1093 1880 evangeliorum
1109 1819 1160 1859 sen
1177 1802 1236 1862 rosi

139 1883 1001 2048 ditati‘tteitgit‘qitttthtiitib
1015 1886 1235 2029 ,3333

137 2057 204 2116 sins.
247 2056 333 2116 semel
348 2057 378 2116 in
398 2076 474 2116 anno
494 2057 567 2115 lecta
583 2064 668 2134 snut,
694 2075 753 2116 non
772 2063 891 2134 quater,
920 2073 1021 2135 nempe
1041 2073 1146 2132 magne
1165 2053 1236 2113 seria

138 2143 241 2218 quinta
253 2141 510 2220 inofficiovigiiioe
530 2143 675 2219 profesto
694 2161 860 2222 parneceues
881 2142 1035 2200 institutae
1076 2145 1178 2197 testem
1195 2139 1235 2197 do

136 2228 227 2305 ipsum
248 2227 388 2285 Codinum
412 2234 442 2286 et
465 2225 618 2286 Triodium.
659 2243 712 2285 nec
734 2233 811 2286 recte
829 2224 970 2285 hieursius
989 2224 1044 2284 huc
1061 2223 1182 2283 advocat
1197 2222 1238 2281 ie·

136 2313 262 2372 ctionem
283 2310 429 2370 duodecim
451 2311 599 2370 lectionum
624 2329 658 2368 ex
682 2311 833 2371 Anastasio
855 2317 884 2370 et
906 2311 1050 2370 Bernone:
1080 2309 1236 2384 loquuntur
1252 2309 1277 2368 Ρ
1292 2311 1346 2370 286

136 2399 210 2458 enim
235 2393 273 2454 de
294 2396 440 2456 duodecim
459 2395 623 2454 lectionibus
643 2397 673 2454 in
694 2399 816 2474 angariis
834 2414 885 2455 sen
906 2400 1041 2471 quattuor
1063 2392 1238 2473 temporibus
1401 2385 1405 2393 ’

138 2481 249 2542 recitari
273 2480 422 2541 consuetis.
464 2487 496 2540 at
517 2479 644 2540 Codinus
665 2481 725 2558 agit
745 2482 782 2540 de
801 2480 947 2540 duodecim
966 2479 1133 2558 evangeliis,
1161 2496 1239 2554 quae

140 2569 239 2642 quinta
256 2566 327 2624 seria
346 2565 458 2625 maioris
477 2564 659 2626 hebdomadis
678 2565 709 2626 in
727 2566 821 2625 officio
839 2566 949 2644 vigiliae
968 2565 1143 2642 legebantur.
1184 2581 1238 2622 uec

127 2651 290 2712 ¹duodecim
314 2649 378 2710 illae
397 2650 547 2728 lectiones,
578 2667 649 2727 quas
672 2667 707 2708 ex
727 2649 880 2711 Anastasio
901 2657 932 2710 et
954 2649 1084 2708 Bernone
1106 2648 1237 2725 producit

50 2755 53 2764 ¹
138 2737 295 2814 Memsius,
314 2736 345 2794 in
362 2736 484 2816 angariis
506 2753 541 2793 ex
558 2732 702 2811 evangelio
722 2736 920 2813 sumebantur,
940 2736 992 2793 sed
1012 2752 1047 2792 ex
1059 2732 1192 2791 Moraicio
1204 2739 1236 2793 et

138 2821 310 2901 propheticis
323 2817 416 2900 libris,
444 2826 478 2879 ut
491 2824 521 2877 et
534 2818 618 2878 hodie
630 2818 807 2895 angariarum
818 2819 955 2879 lectiones
967 2819 1092 2896 quinque
1110 2835 1145 2875 ex
1168 2835 1237 2894 pro-

138 2906 240 2986 phetiis
257 2910 401 2986 petuntur.
442 2921 527 2980 qnam
541 2903 671 2982 apposite
684 2921 750 2962 vero
763 2906 802 2963 ad
814 2904 972 2980 evangelia,
992 2921 1067 2979 quae
1078 2900 1235 2960 recitabun-

139 2991 231 3050 turin
260 2989 391 3068 ecclesia,
418 2990 609 3048 accommodat
627 2987 766 3048 Menrsins
788 2987 858 3048 illud
879 2988 980 3047 Isidori
997 2986 1154 3045 Pelusiotae
1173 2985 1235 3050 iz

139 3093 183 3154 ep.
207 3077 287 3154 150,
307 3074 355 3134 ubi
371 3074 412 3132 ait
427 3073 598 3151 phylacteria
612 3071 780 3134 Iudaeorum
797 3074 884 3132 nisse
900 3072 999 3136 deicio
1019 3067 1128 3153 penori,
1155 3063 1233 3148 ὅπερ

139 3155 272 3244 ἒφὸροον
293 3159 326 3223 oi
341 3161 404 3222 τῶν
422 3151 578 3220 Ἰουδαίων
595 3158 766 3239 nodpyqsoi
787 3153 887 3239 domm
906 3162 967 3220 νῦν
985 3155 1020 3218 oi
1035 3162 1175 3238 γυναῖκες
1193 3151 1233 3217 cri

140 3239 295 3328 erioyyiisn
309 3239 347 3306 roi
363 3235 466 3323 μικρά.
506 3241 658 3303 arbitratur
676 3259 764 3331 parpa
784 3244 872 3302 foisse
891 3241 1036 3321 evangelia
1053 3241 1100 3300 ilie
1114 3241 1232 3316 quaein

138 3331 243 3410 templo
256 3329 437 3407 legebantur:
457 3328 510 3386 sed
527 3345 591 3386 cnm
605 3333 668 3388 toto
683 3345 758 3386 anno
772 3328 892 3407 plurima
904 3326 1049 3404 evmrgelia
1062 3325 1233 3404 legerentur,

139 3413 215 3492 haud
230 3435 320 3494 parra
336 3413 390 3474 dici
410 3413 577 3492 potuissent.
618 3431 707 3492 parva
722 3413 810 3490 igitur
826 3413 957 3472 dicuntur
975 3411 1019 3470 vel
1042 3412 1109 3488 qnia
1121 3411 1231 3470 initium

139 3501 220 3558 unius
234 3499 387 3576 evangelii,
407 3504 479 3576 puta
491 3499 521 3556 S.
536 3497 663 3574 Ioannis,
684 3497 729 3556 vei
750 3498 872 3558 omnium
891 3503 1028 3574 quattuor
1045 3496 1233 3573 evangeliun

138 3603 200 3645 rum
219 3585 334 3644 exordia
353 3583 549 3661 continebant,
573 3581 808 3661 ferebanturque,
838 3588 924 3642 utet
947 3582 1031 3642 hodie
1056 3581 1231 3658 evangelium

137 3669 167 3728 S.
181 3669 312 3746 Ioannis,
332 3667 515 3728 amuletornm
527 3669 586 3728 viee
597 3667 771 3745 potissimum
791 3688 809 3728 a
827 3668 944 3726 feminis.
984 3667 1049 3726 vide
1071 3685 1144 3741 quae
1163 3667 1231 3726 scri-

137 3751 794 3831 psimustom.1desanctaCrucel.2c.29.
835 3755 887 3811 sed
908 3757 942 3810 nt
961 3749 1027 3810 hinc
1046 3754 1160 3810 tandem
1178 3751 1230 3811 ah'·

95 3894 98 3902 .
138 3855 216 3918 eam,
237 3834 330 3901 οὐδὲν
348 3836 370 3901 u‘
388 3836 430 3909 ιές
445 3837 475 3896 in
489 3837 624 3898 Glossarii
637 3837 782 3914 evangelio
799 3838 890 3896 inesse
905 3836 1022 3915 reperio.
1215 3838 1220 3848 '

204 3921 270 3974 ibid.
302 3913 339 3974 soi
360 3863 647 3988 interminantem]
672 3917 777 3972 exhihst
799 3919 956 3972 Graecorum
981 3910 1230 3985 εόαῃελωτοὶοιον,

138 4001 285 4059 omnemque
296 4007 329 4043 ex
338 3993 461 4056 quattuor
475 3986 604 4054 evangeiii
614 3985 780 4058 scriptoribus
809 3986 917 4041 unionis
931 3985 1061 4040 nnonm
1079 3985 1170 4040 ordine
1185 3984 1233 4037 de-

138 4063 250 4124 cerptam
278 4057 487 4124 concorditerque
516 4071 654 4110 connexam
684 4071 772 4128 oompr
805 4055 916 4112 mduntr
946 4053 1141 4126 unumquodque
1165 4069 1230 4106 vero

138 4125 230 4194 τμῆμα
246 4132 287 4180 est
300 4126 422 4180 historiae
437 4121 563 4212 passionis
578 4122 726 4177 dominicae.
872 4187 881 4209 Ι
931 4143 935 4152 ·
1048 4186 1058 4208 '
1163 4187 1171 4204 ·

197 4193 242 4250 [ih.
257 4213 284 4250 v.
299 4196 339 4250 14.
356 4194 476 4264 inpune]
492 4192 584 4246 nullum
608 4191 675 4246 alind
696 4192 763 4246 inter
784 4191 920 4262 tannem
938 4196 966 4247 st
986 4207 1074 4260 soncos
1094 4189 1231 4244 dhnrmen

139 4273 212 4328 quum
228 4262 296 4317 inter
310 4277 464 4318 communem
483 4266 512 4315 st
526 4260 644 4316 maiorem
661 4266 702 4315 art
734 4277 767 4315 ne
784 4278 817 4314 cx
835 4259 951 4318 nisitiors
966 4267 1092 4332 compton
1112 4273 1231 4314 summa

138 4327 181 4384 hio
194 4329 356 4416 inperatori,
366 4332 433 4390 attor
449 4331 589 4391 aulicorun
604 4330 696 4389 rmus·
702 4279 878 4392 ⁴⁵iistn‘hnitm·
926 4404 930 4414 ι
1216 4376 1222 4386 .
