3092 4942
308 342 382 417 166
470 336 745 417 ouarsamur
758 332 1228 409 coam-countuNTamus

605 530 1092 615 csuuuxvl.

305 708 423 820 Voss
437 752 470 813 n
488 752 556 816 ron
578 768 718 815 mmm
732 749 853 817 vacuo
872 748 1061 809 mnemon
1076 745 1207 808 emera
1229 748 1396 809 nasonem

307 845 380 910 facit
395 850 540 925 Codinns3
558 866 593 908 er
615 848 717 924 quibus
731 842 883 906 nounnhae
899 844 967 904 solis
981 842 1138 926 episcopis,
1159 842 1231 904 aliae
1249 845 1333 904 etiam
1350 862 1398 902 sa-

228 961 231 965 ·
306 935 466 995 cerdotibus
487 940 517 993 ct
533 931 656 998 damnis
672 934 846 1009 competunt.
888 929 992 1007 primas
1015 933 1112 987 teneat
1128 918 1295 1009 στιχᾶριον,
1315 928 1399 989 lucidi

308 1024 419 1081 „amm
438 1019 591 1099 magam
609 1020 757 1087 amram,
777 1013 870 1090 inquit
883 1014 997 1073 Simeon
1017 1010 1274 1073 Thessalonicensis
1294 1013 1341 1073 lib.
1360 1014 1398 1072 de

308 1105 440 1185 Templo.
481 1107 587 1183 saepias
613 1105 680 1161 erim
702 1102 732 1159 in
749 1104 821 1157 certe
835 1096 957 1177 salgami
973 1098 1080 1175 angelos
1099 1101 1254 1177 apparuisse
1272 1103 1400 1174 accimus,

308 1198 342 1251 ut
363 1194 389 1249 et
407 1190 483 1249 illan
503 1192 533 1247 ia
555 1189 717 1247 memsam
735 1184 881 1242 ealcdoris
901 1188 1048 1262 coopertum
1067 1182 1137 1242 dolo
1158 1183 1283 1246 muido.
1321 1200 1401 1263 prce

310 1283 382 1334 teron
393 1292 492 1352 pamas
509 1276 535 1331 et
551 1272 585 1332 al
603 1274 673 1330 omia
690 1271 886 1348 ioqmmaiauo
904 1268 1012 1327 trem
1024 1266 1211 1327 meantum
1226 1273 1326 1327 clatum
1348 1286 1403 1327 esca

312 1364 427 1438 aporiae
442 1358 531 1426 ἀπεὶς
561 1362 666 1436 propter
684 1356 920 1435 pompositatem
936 1357 1017 1413 diam
1036 1351 1156 1411 sacerdos
1173 1352 1225 1411 lac
1239 1356 1333 1430 grotta
1355 1352 1404 1413 a·-

309 1463 381 1521 gcus
402 1443 556 1511 indicatam
579 1441 649 1520 quod
667 1442 753 1519 aprum
771 1443 900 1515 tutatur,
920 1457 979 1497 cum
998 1458 1026 1497 se
1043 1436 1152 1496 indueras
1169 1436 1233 1497 laec
1245 1438 1326 1496 ceria
1337 1456 1406 1516 pro.

311 1527 421 1587 πυηίίαΐ
449 1525 614 1585 “αειιὶὶαῠῆ
628 1527 719 1584 mahen
739 1541 798 1582 orec
819 1526 848 1582 in
864 1522 982 1594 domiuo,
1002 1524 1067 1602 quic
1087 1521 1177 1581 indat
1195 1540 1235 1581 mc
1252 1527 1406 1581 estimo

311 1612 428 1670 mictic⁸'
451 1616 477 1669 ct
494 1629 562 1690 qaae
583 1614 733 1689 sequentur.
774 1610 890 1689 episcopi
904 1614 992 1668 autem
1010 1600 1160 1687 στιχᾶριον
1173 1605 1280 1685 (isuper
1296 1607 1407 1667 decen-

311 1696 403 1755 dentis
417 1696 493 1755 lohet
501 1697 636 1775 flumin:
654 1700 693 1753 est
713 1696 783 1755 aaa
801 1693 978 1769 undulatam,
1000 1698 1026 1751 et
1044 1694 1163 1769 graium
1179 1690 1289 1751 scendi
1304 1694 1405 1770 inipso

312 1786 516 1859 emanassent.
557 1797 619 1839 meu
640 1784 666 1839 et
691 1782 761 1838 inter
782 1778 892 1855 angelos
919 1798 973 1837 noo
1002 1778 1119 1837 monn
1143 1776 1213 1836 idest
1238 1777 1361 1835 actardo
1379 1784 1406 1837 a

312 1866 431 1942 modas,
451 1866 498 1924 ced
514 1866 554 1925 ali
568 1883 667 1944 quoque
686 1864 739 1923 clii
749 1862 906 1941 inserimur
926 1865 1052 1941 magrstn‘
1062 1866 1135 1921 suot.
1175 1866 1303 1921 emautur
1316 1866 1406 1921 amau

308 1952 428 2033 flucano
443 1955 549 2030 propter
564 1968 653 2016 uocem
667 1937 810 2008 moisem
822 1951 852 2007 io
868 1948 1006 2025 euangelio
1017 1946 1127 2007 dicastis
1139 1946 1209 2025 “qai
1219 1946 1304 2005 credit
1315 1948 1344 2006 io
1356 1964 1406 2018 ace,

308 2036 427 2117 flumina
447 2037 480 2095 de
498 2041 586 2094 centn
600 2038 657 2093 eius
672 2035 763 2113 fluent
783 2052 871 2112 aptae
882 2032 989 2093 oiocc.”
1014 2032 1062 2091 loc
1075 2031 1145 2090 idem
1159 2031 1247 2109 pallio
1265 2031 1407 2111 episcopali

310 2127 429 2179 notatur.
466 2121 585 2199 flumina
599 2118 702 2197 puidam
717 2117 794 2176 caba
809 2122 915 2197 propter
935 2136 968 2177 ea
988 2116 1205 2195 paccatum,
1230 2116 1329 2195 poculo
1345 2134 1407 2175 cero

309 2222 361 2282 pro
381 2211 444 2282 typo
462 2208 557 2263 veteris
577 2209 603 2262 ct
622 2220 706 2261 acccc
725 2207 843 2278 gratiae
884 2220 953 2279 qnae
970 2205 1050 2260 dmm
1063 2202 1222 2280 fluminalis
1235 2205 1316 2281 quari
1325 2204 1407 2260 irata·

312 2293 391 2357 tm=t5
412 2288 480 2364 qaod
497 2287 638 2346 malind
649 2286 867 2364 dlicultpmm
878 2284 1236 2363 magistrosiuedoctoriecc
1251 2286 1407 2345 ambute-

313 2374 449 2429 stamentis
470 2371 508 2428 cd
523 2371 668 2429 eluendum
684 2370 857 2429 homicidum
877 2389 941 2431 aaa.
981 2375 1062 2429 erant
1082 2375 1177 2429 autem
1198 2370 1328 2430 sticharia
1347 2388 1407 2429 non

313 2455 404 2514 solum
422 2456 556 2531 candida,
579 2456 632 2512 sed
652 2454 787 2513 nonnulla
802 2455 886 2515 etiam
903 2474 1063 2534 purpuuea,
1087 2473 1160 2531 quae
1179 2473 1198 2513 a
1214 2457 1405 2515 sacerdotibus

313 2552 344 2597 et
362 2540 486 2598 diacoma
501 2544 564 2598 tota
586 2539 801 2616 quadragesima
824 2541 929 2616 gestari
944 2545 1066 2597 testatur
1087 2540 1214 2598 Codinns
1233 2562 1257 2600 c.
1275 2546 1295 2607 9
1310 2562 1339 2623 p.
1354 2544 1407 2619 67,

313 2631 432 2703 excepto
446 2626 520 2683 sesto
532 2624 768 2701 annuntiationis,
790 2624 945 2703 palmarum
963 2630 994 2682 et
1005 2643 1108 2702 magno
1125 2624 1406 2705 sabbathopaschae.

398 2710 477 2769 Inter
493 2715 617 2769 caeteras
633 2710 812 2784 quaestiones
836 2727 907 2785 quas
922 2708 1071 2786 Bulgariae
1087 2710 1296 2791 archiepiscopo
1305 2710 1407 2769 Deme-

312 2796 369 2853 tn'o
385 2795 572 2854 Chomatiano
582 2795 678 2877 posuit
693 2795 897 2853 Constantinus
915 2793 1059 2853 Cabasilas
1068 2795 1292 2875 archiepiscopus
1302 2794 1408 2871 Dyrra-

207 2890 298 2947 1²18?
313 2880 386 2956 chii,
416 2881 472 2939 fnit
506 2881 578 2956 ista,
618 2898 657 2938 an
683 2885 901 2938 consentaneum
926 2880 964 2939 sit
989 2880 1019 2938 iu
1039 2881 1188 2959 purpureis
1205 2878 1409 2961 pontificalibus

311 2966 502 3043 vestimentis,
523 2965 757 3041 quemadmodum
770 2970 801 3022 et
816 2965 846 3022 in
866 2964 950 3040 albis,
967 2966 997 3022 in
1013 2964 1144 3023 stichario
1159 2966 1273 3043 quidem
1279 2967 1409 3045 flumina,

312 3053 344 3109 in
360 3050 508 3129 phaenolio
526 3055 621 3109 autem
640 3067 736 3108 mures
762 3054 882 3126 gestare.
924 3050 1079 3129 respondet
1096 3049 1271 3109 Demetrius:
1302 3069 1410 3109 coacue-

314 3136 381 3193 tudo
406 3136 529 3194 ecanae
549 3154 684 3213 purpurea
707 3135 877 3213 pmsflcolio
896 3134 1050 3197 inducente
1078 3135 1211 3215 simplicia
1230 3134 1289 3192 vult
1307 3153 1361 3192 esse
1382 3140 1410 3193 ct

315 3223 372 3277 sine
386 3217 737 3297 possempossim
760 3222 925 3296 modumque
944 3219 1097 3284 adiectioa.
1140 3220 1277 3280 Meursius
1304 3218 1410 3279 sticha-

315 3305 387 3362 rium
405 3304 606 3380 interpretatur
624 3307 732 3362 tticum
751 3322 817 3361 nam
840 3303 948 3361 Glossis
962 3304 1062 3365 Isidori
1072 3308 1141 3364 stica
1155 3310 1200 3364 est
1213 3304 1315 3362 tunica
1356 3304 1409 3362 sed

314 3386 502 3447 nihilmelius
523 3392 568 3444 est
586 3406 671 3462 quam
687 3390 717 3445 in
734 3388 778 3445 his
797 3394 826 3445 et
849 3388 879 3445 id
899 3408 988 3465 genus
1009 3390 1070 3447 aliis
1089 3391 1208 3448 retinere
1229 3389 1338 3447 Graeca
1358 3407 1409 3446 vo·

316 3470 429 3547 cabula,
457 3471 524 3547 quia
541 3470 618 3529 nulla
636 3477 794 3550 suppetunt
816 3470 919 3531 Latina
942 3492 1016 3551 quae
1033 3475 1089 3533 vim
1109 3481 1139 3533 et
1160 3474 1301 3551 energiam
1320 3473 1408 3531 Grae·

315 3576 412 3616 corum
432 3556 556 3634 perfecte
571 3556 736 3632 exprimant
779 3562 859 3616 erant
876 3564 970 3616 autem
990 3560 1119 3618 stichario
1142 3560 1278 3638 duplicia,
1306 3575 1409 3636 nempe

317 3641 512 3722 patriarchalia
528 3647 558 3699 et
581 3640 768 3718 episcopalia,
785 3642 918 3719 insignita
939 3640 1034 3719 liguris
1055 3645 1143 3703 instar
1165 3662 1292 3723 gammae
1313 3643 1410 3700 literae

319 3729 363 3803 Γ,
381 3732 414 3785 ut
435 3727 513 3802 apud
534 3725 728 3784 Balsamonem
753 3726 886 3802 legimus3
908 3729 1061 3787 cuiusmodi
1077 3735 1170 3789 vestes
1196 3728 1411 3808 appellabantur

316 3810 471 3887 gennadio
487 3828 538 3869 seu
553 3814 709 3887 gamantia
751 3808 918 3870 Anastasius
934 3814 964 3871 in
976 3812 1075 3873 Leone
1090 3814 1147 3872 111:
1167 3814 1301 3871 columnas
1314 3830 1411 3888 arger-

316 3903 375 3953 tecs
396 3900 454 3953 octo
484 3901 510 3954 ct
536 3895 692 3971 gennadio
715 3896 779 3954 duo.
821 3896 991 3977 paulopost
1012 3899 1090 3989 apud
1110 3900 1229 3963 eundem
1247 3898 1412 3976 scriptorem

316 3979 405 4039 habes
419 3981 588 4057 gammodics
603 3979 797 4060 chrysoclalcr.
839 3983 917 4058 quod
937 3989 1032 4041 autem
1052 3983 1191 4045 Meumius
1207 3982 1346 4041 existimat
1362 3980 1411 4038 tri-

316 4064 419 4141 goma,
441 4082 515 4140 quae
537 4071 606 4124 suut
621 4067 650 4125 in
674 4066 847 4143 phaenoliis,
865 4086 928 4126 esse
948 4068 1039 4147 ipsam
1059 4068 1168 4127 literam
1194 4071 1235 4145 Γ,
1257 4068 1287 4126 id
1303 4065 1411 4125 mathe-

317 4149 425 4209 maticis
440 4146 625 4209 Leidensibus
646 4152 831 4229 persuadeat,
855 4152 879 4209 si
905 4158 1017 4231 potest3
1037 4172 1091 4213 nos
1115 4158 1191 4213 certe
1214 4158 1274 4212 tres
1292 4150 1411 4230 angulos

318 4254 352 4295 eu
371 4236 464 4294 littera
486 4239 516 4297 Γ
527 4236 681 4295 extundere
699 4254 757 4295 non
776 4254 936 4316 possumus.
988 4228 991 4242 ‘

400 4319 435 4401 2)
457 4320 580 4403 φελῶνη
599 4339 650 4380 seu
664 4312 799 4401 melica,
819 4321 876 4383 imo
888 4321 972 4382 etiam
987 4315 1154 4402 aaronica,
1175 4314 1334 4404 φαινόλης,
1356 4338 1413 4399 φε-
