3092 4942
263 327 339 397 mo
422 322 701 419 oneraremur
720 320 856 392 eorm
869 322 1204 393 conumeratus

260 508 337 551 nune
352 506 434 567 regau
448 486 635 568 appellantur.
654 487 717 565 quis
732 486 888 569 naget‘hoe
907 506 925 548 a
944 504 1012 549 vero
1027 484 1108 549 nimis
1125 493 1264 549 mmoturn
1285 488 1369 549 esse?

258 577 365 655 primns
374 575 448 634 enim
461 574 580 633 Carolus
593 592 714 651 magnus
723 580 754 632 et
764 574 810 632 alii
820 574 1038 635 nominabantur
1048 576 1158 655 patricii
1167 574 1367 635 Romanorum.

256 681 295 719 an
305 660 370 719 ideo
379 679 461 737 reges
471 658 664 719 Romanorum
674 658 719 718 vel
729 665 812 718 erant
820 659 1071 721 velhabebantur‘l
1084 666 1115 721 at
1122 661 1243 721 Carolus
1248 682 1368 739 magnus

255 752 411 827 postquam
419 745 612 805 Romanorum
621 745 774 825 imperator
784 750 894 803 creatus
905 751 935 805 et
945 745 1038 827 palam
1049 738 1244 825 promulgatus
1255 754 1308 825 est,
1319 749 1369 805 de-

256 831 586 910 siitpappellaripatrieius
594 829 794 889 Romanorum.
810 831 878 905 quid
890 830 973 889 turni
987 844 1024 889 an
1034 832 1109 909 ideo,
1120 852 1184 892 eum
1197 837 1272 891 esset
1280 834 1369 913 patri-

255 918 326 993 n‘us,
341 936 391 975 rex
403 916 596 976 Romanorum
605 912 690 974 erati
713 916 737 972 si
753 914 816 991 quis
831 921 943 975 exterae
957 917 1079 975 nationis
1095 918 1230 997 patricius
1244 917 1369 978 Venetus

243 1007 397 1061 ereuretur
411 1004 469 1061 dux
479 1000 615 1078 Venetus,
631 1000 740 1080 patricii
755 1018 859 1059 nomen
872 1001 971 1077 utique
987 1003 1138 1063 omitteret
1154 1022 1192 1062 au
1206 1004 1271 1063 ideo
1285 1009 1370 1063 antea
1444 1071 1451 1083 ·
1469 1048 1472 1057 .

254 1106 305 1146 rex
314 1086 487 1147 Venetorum
499 1084 622 1145 sessui
636 1084 782 1145 alieninoa
795 1104 861 1145 vero
875 1092 930 1163 est,
939 1088 1018 1163 quod
1027 1088 1068 1147 uit
1077 1088 1153 1147 idem
1164 1087 1301 1148 Glossarii
1312 1088 1369 1147 ool-

236 1176 238 1192 '
252 1172 362 1254 lector,
382 1177 565 1252 imporatorum
577 1171 654 1231 reboo
663 1171 849 1230 eodeuiuatioo'e
862 1176 992 1251 tunquam
1009 1192 1159 1251 ammam
1181 1180 1264 1253 eaput
1284 1194 1369 1254 prue-

250 1258 358 1339 J‘uisse,
376 1256 402 1318 e‘t
414 1259 467 1318 buc
478 1262 509 1317 tu
513 1257 654 1337 functione
665 1259 813 1336 putridum
833 1260 974 1319 uieeaeiua
995 1262 1089 1335 egisse.
1109 1260 1197 1335 idque
1213 1260 1319 1337 probat
1333 1280 1368 1319 ex

254 1344 450 1422 disputatione
474 1342 640 1420 Gregentii,
670 1341 718 1400 ubi
739 1341 809 1401 dicit
825 1340 923 1401 Erban
947 1340 1101 1422 Iudaeum,
1129 1344 1263 1423 baptismi
1283 1347 1369 1404 undis

254 1430 312 1487 iam
327 1429 472 1507 ablutum,
491 1433 616 1486 creatum
629 1445 692 1486 esse
707 1446 726 1487 a
739 1446 807 1505 rege
822 1426 1033 1489 Homeritarum
1053 1428 1293 1508 daeuubpulovu,
1318 1432 1370 1506 qui

255 1513 382 1573 Meursio
404 1516 591 1571 etaemus
616 1517 690 1589 regia
711 1518 850 1590 tanquam
871 1514 995 1593 supremi
1019 1515 1051 1573 in
1070 1512 1155 1573 rebus
1173 1514 1366 1575 ecelesiasticis

255 1600 366 1677 capitia
386 1599 439 1656 sed
449 1597 590 1657 Meursius
605 1596 651 1657 hie
667 1598 749 1655 nimis
763 1602 862 1677 aperte
875 1598 1014 1677 uuglizot:
1036 1605 1070 1659 ut
1083 1602 1159 1661 enim
1171 1598 1257 1679 Angli
1271 1620 1368 1678 regem

253 1702 338 1743 uuum
360 1682 448 1743 veluti
468 1702 631 1761 supremum
659 1681 791 1742 eeclesiae
812 1680 911 1763 ¹eaput
934 1689 1122 1765 venerantur,
1149 1687 1192 1747 ita
1216 1693 1246 1745 et
1265 1686 1368 1747 batavi

121 1850 133 1859 ,
253 1788 339 1827 surum
359 1769 558 1845 magistratum
572 1765 611 1826 ad
623 1768 699 1827 idem
716 1768 826 1828 culmen
840 1770 958 1830 evehere
973 1770 1128 1849 incipiunt,
1151 1776 1185 1831 ut
1200 1770 1317 1850 planum
1333 1774 1368 1832 fit

253 1873 319 1914 oum
332 1854 438 1913 exaliis
453 1852 653 1932 novatoribus,
673 1860 736 1913 turn
749 1872 785 1913 ex
801 1852 928 1932 Hugone
941 1854 1044 1915 Grotio
1065 1860 1094 1915 iu
1112 1854 1216 1916 Ρίεὶαῐο
1235 1858 1366 1919 ordinum

252 1939 434 2009 Holluodr'oe3
453 1939 483 1996 in
494 1944 657 2014 quotamen
672 1958 776 2018 apuro
790 1939 962 1999 Calvinismo
980 1947 1010 1999 et
1036 1940 1226 2001 Puritanismo
1245 1944 1366 2003 immane
1469 1942 1475 1955 “

252 2031 392 2103 quantum
407 2024 559 2102 recedunt,
577 2025 626 2101 qui
639 2023 800 2084 huiusmodi
813 2026 913 2104 eapitis
923 2027 1182 2105 impatientissimus
1189 2032 1253 2106 est,
1272 2048 1366 2105 neque

251 2130 379 2187 unquam
406 2110 467 2168 eius
497 2110 606 2186 absque
630 2110 711 2187 gravi
733 2112 923 2173 detestatione
948 2112 1083 2189 meminit
1117 2130 1170 2171 nee
1193 2113 1365 2191 Gregentius

252 2197 409 2271 quidquam
429 2194 467 2251 de
482 2193 538 2253 hoe
556 2198 702 2273 oiueoupde
724 2196 825 2255 innuit.
854 2198 910 2256 imo
927 2196 1037 2255 futilem
1057 2197 1131 2256 hano
1153 2201 1364 2276 persuasionem

251 2279 378 2342 Maurusio
398 2279 517 2337 eximere
533 2284 664 2357 poterat,
680 2280 706 2337 si
721 2281 846 2339 animum
860 2280 905 2339 vel
921 2280 1067 2359 paululum
1091 2284 1270 2344 advertisset
1298 2306 1364 2345 nam

249 2363 475 2441 ὖπεκκλησίονα
493 2363 535 2421 ait
551 2382 615 2422 eum
635 2382 698 2421 esse
721 2367 770 2439 qui
790 2364 927 2425 Romanis
946 2374 1063 2427 vocetur
1078 2372 1213 2447 patricius
1236 2375 1268 2429 et
1284 2376 1363 2431 ooni-

249 2450 331 2509 aieoa
352 2447 416 2523 quis
438 2452 534 2506 autern
548 2465 674 2523 unquam
693 2450 802 2509 audivit
815 2453 990 2529 praefectum
1008 2452 1122 2512 canielei
1144 2460 1194 2513 aut
1213 2456 1362 2533 patricium

247 2534 337 2595 misse
352 2532 485 2591 vicarium
503 2532 626 2611 supremi
643 2534 744 2611 eapitis
759 2535 790 2591 in
810 2536 895 2594 rebus
909 2536 1119 2617 ecclesiasticis,
1139 2538 1195 2599 hoc
1211 2547 1256 2603 est
1273 2543 1361 2620 impe-

246 2616 376 2680 ratoris?
396 2616 462 2692 licet
471 2618 546 2677 enim
564 2617 665 2676 Graeci
678 2618 856 2697 'posteriores
870 2618 905 2679 et
916 2622 1076 2701 nequiores,
1097 2630 1280 2703 postquama
1295 2628 1361 2689 visi-

248 2703 300 2764 bili
314 2722 405 2779 eoque
420 2722 487 2762 vero
509 2703 602 2782 capite
613 2702 746 2763 ecelesiae
761 2704 957 2787 desciverunt,
977 2708 1138 2788 imperatori
1157 2728 1210 2770 suo
1224 2712 1361 2773 honorem

207 2788 213 2799 '
248 2790 374 2869 supremi
393 2790 494 2869 oapitls
516 2788 685 2867 detulerint,
713 2808 860 2866 nunquam
879 2797 975 2853 tamen
996 2795 1144 2873 patricium
1170 2802 1220 2855 aut
1245 2799 1360 2857 caniclei

246 2876 407 2956 praesidem
417 2876 579 2957 imperatori
593 2875 708 2954 innoc,
728 2880 761 2935 ut
777 2877 820 2935 ita
834 2876 954 2963 loquar,
972 2884 1146 2961 copituueutu
1160 2883 1266 2944 socium
1278 2886 1361 2944 attri-

248 2963 381 3022 buerunt.
904 2996 907 3003 ·

578 3468 1032 3553 CAPUTIV.

332 3719 361 3782 p.
372 3702 413 3765 13
423 3718 449 3760 v.
459 3702 489 3763 7.
508 3652 689 3778 Σκιάδιον,
711 3703 790 3779 quod
804 3710 834 3765 et
855 3698 971 3789 exuuiis,
992 3706 1162 3769 adverbum
1181 3714 1226 3769 est
1241 3711 1356 3775 umbella

166 3848 169 3850 r
243 3813 296 3857 eeu
306 3794 507 3869 ouuaeuua,
523 3801 645 3872 tegumen
658 3797 772 3876 cupitis,
790 3796 912 3859 breviter
921 3800 1027 3879 pileus,
1048 3818 1105 3879 quo
1119 3804 1231 3865 nomine
1245 3805 1276 3865 in
1293 3822 1356 3864 ver-

244 3881 325 3944 sione
338 3879 490 3961 praecipue
506 3900 576 3941 usus
589 3900 661 3941 sum

313 3997 381 4049 ibid.
416 3993 528 4051 uantum
551 3995 632 4049 solum
655 3998 813 4049 coronatae
839 3996 931 4052 leviter
960 3990 1096 4056 adumbrat
1123 3996 1155 4058 ud
1182 3996 1355 4071 καλούμενον

244 4061 374 4123 σκιάδιον
409 4066 512 4135 quade
528 4082 607 4119 eausa
621 4082 673 4119 nou
689 4066 845 4136 umbellam,
873 4084 921 4122 oen
940 4087 1030 4123 oureus
1045 4070 1174 4141 protensis
1193 4071 1219 4125 iu
1241 4072 1352 4125 frontem

248 4134 319 4199 oris,
344 4102 391 4189 sed
414 4134 541 4203 pileolum
564 4152 598 4188 ex
622 4152 706 4205 aequo
724 4136 761 4204 (si
779 4136 890 4190 medium
907 4145 1116 4209 tenementum,
1140 4140 1202 4193 licet
1217 4141 1352 4207 modicum,

246 4203 409 4273 appiuxeriu)
431 4211 509 4275 caput
524 4205 692 4269 ambientem,
714 4204 775 4257 mihi
792 4207 887 4275 potiori
906 4208 963 4261 iure
978 4214 1070 4271 sonat3
1092 4224 1216 4295 quemque
1232 4204 1353 4279 o‘lopoio-

265 4290 338 4339 upuv
353 4273 397 4327 hio
413 4280 507 4327 nautor
522 4279 620 4339 roout,
644 4274 819 4343 Theophanes
836 4276 907 4348 priua
923 4274 1114 4347 καμηλαύκιον
1130 4278 1264 4332 διαλνθον
1279 4280 1353 4343 dixit,

277 4343 406 4415 otthoque
430 4344 574 4401 Gonorun
598 4343 654 4415 regi
676 4343 821 4401 denorum
846 4362 863 4401 a
888 4346 1003 4404 Narseto
1022 4347 1125 4421 Gpoliur
1141 4347 1353 4407 adIustiuiauum

368 4469 377 4483 S
