3092 4942
420 353 680 449 na'orurcus
705 380 871 450 croam.
889 369 999 453 xvu
1205 360 1255 458 on

161 553 222 642 γάρ
238 521 415 636 ὁβασιλιύς
429 558 636 638 πρωτοπαπάν
647 555 690 629 εἷς
701 551 755 619 τὸν
769 557 882 644 κλῆρον
898 527 1013 636 αύτοά,Ι
1034 529 1094 641 ἔχει
1116 558 1151 626 δὲ
1169 557 1188 646 ἦ
1205 561 1255 628 ἔκ-

163 660 289 741 κλησία·
315 655 379 723 ἔστι
400 655 434 720 δ’
457 653 506 720 ὅτε
526 651 544 718 5
565 654 657 735 αάτάς
673 651 841 742 εύρίσιιεται
855 659 906 724 καὶ
922 662 965 738 είς
978 659 1169 752 ἀμφοτίρους
1183 667 1255 744 τοιλς

163 758 304 851 κλήρους.
354 759 406 825 καὶ
418 760 486 845 περλ
495 758 552 843 μὲν
563 755 678 825 τούτων
693 757 799 836 οὕτως.

259 861 299 929 Ὁ
323 859 503 948 δευτερεύων
524 861 559 926 ἀὲ
582 867 644 928 τῶν
665 857 813 926 διακόνων
833 865 936 954 θυμιᾷ
955 862 1008 928 τάν
1025 866 1170 947 βασιλία,
1203 871 1254 934 καλ

138 967 318 1043 ὁκλίναντος
330 964 426 1032 αὐτοῦ
438 963 494 1049 τὴν
510 965 646 1051 κεφαλὴν
663 969 726 1055 βοᾷ
742 959 859 1050 μεγάλῃ
882 971 922 1050 τῇ
944 974 1031 1053 φωνῇ
1055 969 1089 1032 τὸ
1104 973 1255 1056 μνησθείη

162 1068 266 1157 κύριος
287 1066 304 1134 5
324 1067 400 1147 θεὸς
419 1071 475 1134 τοῦ
490 1064 622 1154 κράτους
639 1073 697 1152 τῆς
708 1069 865 1149 βασιλείοις
877 1073 935 1144 σᾶς
950 1069 982 1134 ἓν
995 1076 1034 1157 τῇ
1044 1077 1185 1166 βασιλείη
1199 1074 1255 1139 αύ-

162 1181 233 1253 τοῦ,
264 1169 393 1237 πάντοτε
409 1177 462 1237 νῦν
474 1174 525 1237 καὶ
539 1169 586 1236 ciel
599 1172 650 1236 καὶ
667 1174 709 1246 εἰς
723 1171 923 1248 caecatam
938 1178 998 1238 τῶν
1014 1171 1141 1241 αἳύνων.
1192 1175 1255 1243 εἶτα

18 1296 19 1313 ’
111 1326 115 1333 -
162 1275 288 1361 ἔπιλίγει
302 1274 337 1340 τὸ
353 1270 444 1359 ἀμήν.
494 1272 530 1339 ul
551 1272 585 1339 δ’
611 1272 686 1341 αάτά
708 1281 798 1339 τοῦτο
819 1275 870 1340 καὶ
890 1271 998 1351 πάντες
1018 1276 1048 1341 οἲ
1067 1279 1138 1360 μετ’
1162 1280 1255 1346 αάτάν

162 1377 319 1467 ἐρχόμενοι
334 1379 469 1464 λέγουσι,
496 1374 632 1442 ἀιάκονοί
647 1403 679 1444 τε
696 1379 746 1442 καί
765 1375 836 1460 μετ’
861 1375 974 1455 αύτούς
987 1377 1083 1465 ἲερεΐς.
1134 1383 1255 1468 λέγουσι

119 1485 196 1549 1οἀἒ
211 1478 321 1559 πάντες
336 1473 419 1547 οὗτοι
438 1485 527 1546 τούτο
550 1482 601 1544 καλ
623 1483 666 1558 είς
686 1479 740 1545 τάν
759 1477 960 1569 πατριάρχην,
984 1479 1138 1568 ἐρχόμενοι
1156 1490 1199 1563 εἰς
1214 1486 1290 1552 ull)

160 1592 267 1671 βῆμα,
300 1582 369 1669 ἤτοι
387 1584 538 1668 μνησθείη
552 1581 656 1671 κύριος
668 1580 685 1648 5
699 1582 774 1664 θεὸς
789 1589 844 1668 τῆς
859 1583 1083 1673 ἀρχιερωσύνης
1097 1614 1153 1655 σου
1170 1591 1201 1654 ἓν
1216 1595 1255 1676 τῇ

159 1689 302 1778 βασιλεία
330 1686 426 1752 αάτού
451 1683 577 1752 πάντοτε
599 1693 653 1754 νύν
673 1689 724 1752 καὶ
747 1685 794 1754 ἀεὶ
819 1689 871 1752 καλ
898 1689 939 1764 είς
962 1687 1035 1766 τούς
1058 1693 1171 1770 αἰῶνας
1192 1700 1253 1759 τῶν

160 1790 289 1858 αἰώνων.

264 1886 384 1958 Τούτου
401 1889 435 1955 δὲ
447 1889 657 1970 τελεσθίντος,
683 1882 777 1966 αύάις
797 1890 850 1956 τὸν
871 1888 1061 1981 πατριάρχην
1076 1892 1092 1959 5
1109 1896 1252 1977 βασιλεὺς

118 2010 152 2066 15
161 1991 407 2084 προσαγορεύσας
420 1991 585 2059 ἀποδύεται
599 1993 689 2081 ὅνπερ
707 1993 828 2075 εἴπομεν
836 2001 972 2081 χρυσοῦν
985 1996 1134 2079 μανιλύαν.
1161 1999 1249 2063 ἀπαί-

159 2126 223 2186 ρειν
244 2101 278 2164 δὲ
297 2097 390 2163 αὐτὸν
408 2092 541 2180 σύνηθες
560 2095 613 2161 τάν
634 2104 688 2182 τῆς
710 2097 869 2180 ἐκκλησίας
892 2097 1131 2186 ῥεφερενάἀριον.
1183 2098 1199 2166 5
1220 2102 1255 2167 δὲ

16 2224 17 2315 η
157 2201 303 2286 βασιλεύς
322 2199 413 2265 πάλιν
437 2197 597 2287 ἐρχόμενος
614 2203 657 2276 εἷς
677 2201 734 2283 τὴν
755 2199 941 2287 ἀναβάἀραν
956 2198 1107 2286 κάθηται,
1129 2201 1254 2270 ἀνιστά-

16 2318 17 2327 ’
158 2332 249 2433 μεγος
263 2302 390 2388 μύνον”
370 2329 401 2368 εν
414 2326 447 2367 τε
462 2310 501 2389 τῇ
516 2300 681 2430 ἀναγνώσει
695 2309 753 2368 wo
767 2299 806 2387 ἀγ
808 2305 854 2367 loo
866 2301 1022 2387 συμβόλου
1038 2308 1088 2370 καὶ
1101 2305 1133 2371 ν
1147 2333 1184 2395 τη
1198 2313 1255 2373 τού

159 2407 254 2496 πάτερ
276 2405 364 2493 ἡμῶν
386 2402 403 2471 5
420 2407 532 2483 ἓντοΐς
554 2406 694 2492 οάρανοῖς
713 2412 870 2534 προσευχῇ
891 2411 941 2472 καὶ
963 2409 995 2473 ἓν
1013 2415 1051 2495 τῇ
1066 2405 1184 2494 ύψεύσει
1199 2416 1255 2476 τού

15 2534 18 2542 ’
116 2515 340 2582 Ξθιλεσποτικοῦ
360 2505 451 2575 xol‘
432 2535 466 2594 αγ
466 2510 519 2574 ίου
542 2506 694 2592 σώματος.
744 2534 824 2594 γενογ
811 2512 903 2593 με’νης
918 2511 1006 2576 δί’
967 2538 1022 2596 της
1037 2508 1203 2596 ύψιύσεως,
1229 2515 1362 2590 512125

157 2617 216 2700 μεν
237 2615 292 2679 otiu
313 2612 392 2679 iimo
414 2608 431 2676 5
453 2612 597 2693 βασιλεὺς
618 2611 694 2701 πρὸς
713 2615 872 2677 κοινωνίαν
888 2613 947 2677 ἕτοι
947 2639 1023 2695 μσς,
1052 2613 1187 2699 κάθηται
1205 2617 1254 2682 ἐπὶ

158 2714 276 2804 θρόνου
295 2717 415 2802 μίχριτ
397 2715 554 2792 τί”λοος
516 2741 571 2799 της
586 2710 640 2798 ἀγί
637 2741 674 2792 ας
688 2718 890 2803 λειτουργίας,
917 2719 944 2781 εί
958 2719 992 2782 δὲ
1007 2721 1255 2804 παρεσκευασμέ-

159 2847 212 2898 νος
227 2823 306 2886 ἐστὶν
322 2823 364 2898 εἰς
376 2823 482 2897 τούτο,
517 2821 738 2905 προκαλοῦνται
754 2824 862 2885 τοῦτον
876 2809 971 2896 αὖθις
986 2846 1014 2886 οι
1006 2821 1254 2908 ειιρορρηάἕντες

166 3016 168 3023 ’
230 2991 298 3052 11'
278 3015 343 3066 ητοι
360 2995 441 3051 omP
542 2990 572 3047 ἐν
587 3013 619 3063 τη
640 2994 767 3068 βασιλείᾳ
786 2993 875 3049 αύτον
863 2995 937 3049 BP
1041 2995 1074 3050 14
1090 2995 1252 3052 τελειωθέν-

227 3067 312 3129 τοςΡ
413 3067 448 3118 22
463 3063 546 3124 θείας
564 3065 692 3134 murgoP

15 3188 16 3265 5

155 3221 300 3302 imperator
320 3225 450 3290 protopap
451 3233 492 3269 am
518 3215 546 3269 io
572 3233 619 3269 suo
642 3216 727 3286 clero,
754 3216 835 3270 habet
851 3221 878 3274 et
894 3214 1014 3270 ecclesia.
1049 3223 1091 3271 eat
1108 3235 1165 3272 cum
1182 3220 1251 3275 idem

156 3289 266 3371 utrique
291 3288 360 3341 clero
387 3296 579 3340 annumeratur.
614 3292 642 3339 et
670 3288 704 3341 ‹le
719 3257 773 3341 hia
801 3285 905 3356 quidem
933 3285 1038 3339 huuc
1028 3303 1057 3338 ru
1083 3289 1185 3342 modum
1208 3289 1252 3344 di-

155 3367 227 3411 ctum
244 3357 289 3410 sit.

227 3426 350 3479 Ceterum
367 3424 536 3479 secundarius
552 3425 719 3477 diaconorum
736 3431 779 3475 tua
797 3422 948 3509 imperatori
965 3422 1086 3490 adolet,
1077 3441 1189 3495 rpaoqne
1206 3443 1252 3480 ca-

157 3501 207 3565 put
226 3494 368 3548 inclinante
390 3512 484 3561 magna
509 3511 575 3546 voce
598 3493 703 3547 insonat
717 3487 806 3546 illud
808 3487 969 3546 ‘recordetur
986 3494 1104 3546 dominus
1121 3494 1185 3548 deun
1203 3513 1253 3565 po-

156 3564 258 3618 tentiae
274 3563 350 3651 regni
366 3563 449 3616 vestri
464 3563 493 3614 in
510 3581 591 3632 regno
609 3580 666 3630 auo,
684 3564 791 3646 ubique,
810 3579 878 3616 nunc
897 3567 924 3615 et
939 3579 1049 3644 semper,
1067 3563 1135 3616 etin
1149 3565 1254 3618 saecula

157 3628 348 3689 saeculorum?
382 3632 477 3685 deinde
494 3633 567 3684 addit
584 3649 669 3684 amen.
703 3631 772 3684 idem
791 3631 913 3684 recinunt
928 3641 992 3713 post
1005 3631 1089 3699 ipsum
1115 3632 1253 3686 venientes
1277 3636 1281 3643 ’

157 3703 271 3769 diaconi,
297 3710 324 3754 et
341 3702 464 3770 posthoc
482 3703 633 3754 sacerdotes
649 3718 762 3770 quoque.
798 3709 826 3754 et
843 3716 930 3752 omnes
947 3700 993 3752 isti
1010 3701 1043 3752 ad
1060 3701 1254 3755 tabernaculum

156 3789 295 3852 progresso
284 3769 473 3854 patriarchae
489 3770 578 3822 itidem
596 3769 646 3822 hoc
664 3771 791 3822 canticum
809 3769 937 3823 incinunt.
971 3765 1144 3822 “recordetur
1169 3772 1252 3823 domi-

156 3858 206 3894 nus
223 3841 389 3927 pontificatue
407 3839 447 3893 tui
463 3839 491 3892 in
507 3856 589 3908 reguo
607 3856 654 3892 suo
671 3840 777 3908 ubique,
796 3855 864 3891 nuno
881 3846 908 3891 et
924 3853 1036 3908 semper,
1057 3839 1111 3891 et
1102 3856 1130 3891 ur
1148 3840 1253 3894 saecula

156 3904 433 4046 είὶθαλλλύύΠύεεειωο
424 3977 576 4058 imperator,
593 3975 704 4029 salutato
717 3973 876 4044 patriarcha,
894 3975 967 4028 exuit
984 3992 1089 4029 aureum
1106 3976 1253 4045 mandyam,

156 4045 266 4116 dequo
290 4055 370 4100 antea
391 4045 513 4099 diximus.
548 4054 698 4100 consuetum
715 4063 779 4096 vero
798 4051 838 4096 est
855 4051 884 4096 ut
901 4060 958 4096 eum
976 4044 1049 4098 tollat
1065 4044 1192 4098 ecclesiae
1208 4064 1253 4099 re-

155 4066 330 4170 lereiidmiua.
347 4122 375 4167 nt
386 4114 530 4183 imperator
547 4114 711 4166 anabathram
728 4121 852 4180 repetens
869 4113 996 4198 considet,
1012 4113 1157 4198 solumque
1164 4131 1253 4166 assur-

155 4186 197 4253 git
214 4184 242 4237 iu
258 4184 371 4237 lectione
385 4183 498 4250 symboli
515 4191 543 4236 et
558 4183 586 4235 in
603 4182 721 4235 oratioue
739 4179 892 4235 dominica
894 4177 980 4266 'pater
995 4189 1086 4236 noster
1113 4182 1158 4251 qui
1178 4199 1206 4235 es
1224 4183 1253 4236 in

156 4249 271 4336 caelis,”
288 4254 360 4306 etin
377 4252 525 4306 elevatione
542 4251 665 4305 dominici
683 4260 710 4304 et
726 4251 811 4304 sancti
828 4251 956 4321 corporis.
976 4260 1052 4336 post
1061 4223 1252 4333 cierationem,

156 4321 180 4375 al
197 4323 341 4391 imperator
356 4339 408 4374 non
426 4331 466 4374 eat
483 4330 589 4404 paratus
605 4322 638 4375 ad
656 4321 866 4403 communionem,
884 4320 983 4373 aedat
974 4338 1002 4372 m
1019 4318 1086 4372 colio
1102 4335 1150 4372 auo
1168 4336 1252 4390 usque
1328 4376 1332 4383 ,

156 4393 191 4445 ad
209 4393 288 4446 finem
303 4398 410 4445 saumae
430 4391 553 4460 liturgiae
574 4407 621 4445 eeu
637 4389 742 4445 misaac.
777 4389 802 4443 ai
818 4406 882 4444 vero
900 4391 935 4445 ad
951 4388 1153 4444 communionem
1171 4405 1252 4458 prae-
