3092 4942
499 317 547 388 lu
566 316 715 386 comm
740 318 827 386 Gbl'.
845 314 900 388 X.

412 606 920 704 'caedua

235 865 264 924 p·
280 846 322 907 67
335 863 361 903 v.
375 841 403 906 6.
423 795 530 934 Quod
564 863 623 904 nos
635 845 736 925 settim
757 840 923 926 poleium,
958 847 1116 907 idGraeei
1143 846 1251 930 ἱορνῆν

149 935 247 1019 βαΐων
262 944 380 1010 voeaut3
409 939 445 996 de
468 955 525 1012 quo
546 937 609 995 fuse
627 938 729 995 Codin.
749 941 780 996 ⁸c.
804 938 852 1016 10.
897 932 972 1016 βᾶἴα
991 938 1101 998 Grsee'o
1120 959 1249 1002 sermone

150 1024 205 1081 dici
225 1022 329 1103 polmus
349 1043 399 1102 seu
418 1039 510 1081 runos
532 1022 687 1100 palmarum
709 1023 797 1081 tradit
814 1023 844 1082 S.
859 1023 1048 1101 Hieronymus
1061 1025 1090 1082 in
1104 1045 1128 1085 c
1142 1029 1162 1089 8
1176 1027 1248 1085 Eze-

149 1107 229 1166 chiel.
270 1109 367 1166 inscite
392 1110 429 1166 de
459 1107 512 1164 boc
537 1109 649 1165 nornine
670 1106 831 1166 Balsamorn
879 1110 985 1185 δαδπι,
1013 1111 1121 1186 inquit,
1151 1111 1249 1188 lingna

149 1191 275 1253 Romano
289 1213 370 1272 ναμε
381 1211 483 1251 ronmsn
498 1195 633 1251 storbon
646 1211 750 1252 casuros
763 1213 845 1272 nequeo
859 1212 945 1254 rom
959 1213 994 1252 ox
1009 1201 1094 1253 roseto
1111 1195 1246 1256 collectam

149 1297 230 1356 neone
242 1277 328 1336 lilium
341 1299 374 1336 en
387 1277 503 1336 liliorum
517 1277 589 1335 burto
606 1277 752 1357 deceptum
768 1279 916 1356 n'gnsflcot.
961 1281 998 1338 de
1017 1279 1128 1338 duobus
1142 1287 1246 1359 vposte·

149 1361 268 1421 rioribus
281 1362 320 1421 nil
333 1362 545 1439 contendimus,
566 1364 603 1420 de
616 1363 709 1444 priore
726 1362 888 1423 haeremus:
909 1364 934 1422 si
949 1364 1023 1422 euim
1036 1384 1095 1423 nou
1107 1366 1247 1442 siguificat

149 1465 273 1527 ramum,
293 1448 338 1507 dic
352 1449 420 1524 quid
433 1445 595 1524 significet?
634 1440 832 1530 detonsione
853 1445 887 1511 dl
905 1443 1027 1550 ρνῶμης
1046 1447 1080 1512 lu
1099 1451 1188 1512 τοῦδε
1202 1451 1247 1524 εἰς

149 1526 219 1595 πόδα
242 1529 419 1616 μετάβασις,
453 1528 557 1616 dyadis*
581 1529 721 1612 δηλονότι
744 1527 766 1612 ἢ
793 1555 925 1615 πονηρα.
980 1533 1111 1614 pulcbre3
1132 1554 1245 1614 pergas.

149 1615 293 1680 lorroan
314 1613 371 1700 yolo
394 1613 465 1690 τοδς
486 1617 681 1698 παιδοτρίβας
699 1611 863 1698 βαϊούλανς
880 1614 1123 1700 νατανομᾶζαρεν
1145 1618 1187 1693 ng
1206 1617 1247 1682 roi

148 1696 292 1782 vnnroidn
324 1707 385 1764 τῶν
413 1703 532 1764 παίδων
555 1696 735 1782 φρονήματα
759 1697 941 1786 μετάγοντας
962 1701 1040 1785 πρδς
1069 1698 1245 1784 douleusis.

113 1837 116 1843 .
148 1787 255 1866 docte,
274 1786 474 1865 qnasibaiulus
488 1788 596 1845 nonsit
615 1807 633 1846 a
651 1785 756 1846 latina
776 1807 845 1847 voce
865 1789 973 1865 δαίαδα,
999 1789 1072 1848 sicut
1093 1790 1207 1866 gerulus
1226 1809 1246 1850 a

147 1891 219 1948 gero.
268 1873 369 1952 pergit.
402 1871 454 1934 nol
474 1867 731 1954 πραιβαΐκάτορας
757 1872 881 1955 λέγομεν
903 1869 976 1946 rode
997 1873 1247 1954 ποικιλλομὲνους

146 1951 224 2019 πατὰ
238 1953 296 2035 τήν
316 1953 377 2038 ἶριν
391 1954 554 2037 αανεργοδς
572 1955 624 2018 nul
641 1951 841 2038 προδιδόντας
857 1953 930 2033 node
948 1954 1136 2039 πρόσφνγας.
1162 1978 1245 2038 proc-

147 2045 295 2102 vuicotnres
312 2036 566 2124 (praevaricatores)
583 2041 746 2122 appellamus
771 2047 931 2122 ωῳπανίαα
950 2063 997 2100 ren
1018 2043 1170 2116 αδίαέανα,
1198 2046 1247 2121 ραν·

145 2129 288 2200 voruntas
306 2130 395 2187 turtur
417 2126 513 2196 iridis,
540 2131 567 2186 et
589 2126 696 2187 aliattes
713 2128 844 2206 protos
884 2128 926 2188 ita
952 2126 1065 2202 quidem
1087 2128 1243 2206 interpres:

146 2212 199 2270 sed
220 2213 283 2289 quis
305 2231 363 2272 nou
377 2213 456 2271 videt
475 2211 623 2290 legendum
640 2207 795 2273 sesemel
815 2207 874 2292 τήν
891 2211 976 2293 torol
1016 2218 1050 2270 ut
1069 2213 1244 2290 praevarica-

146 2302 224 2355 tores
250 2297 308 2355 sint
332 2295 371 2355 illi
395 2297 444 2373 qui
471 2297 501 2355 in
519 2299 582 2376 ipss
597 2296 647 2355 lite
668 2297 784 2356 clientes
803 2315 871 2355 suos
883 2290 1046 2356 'destituunt
1061 2303 1091 2355 et
1106 2299 1243 2378 produnt,

146 2381 302 2458 unusque
328 2383 365 2440 ad
391 2381 508 2440 alteram
532 2387 659 2461 partem,
683 2401 735 2441 sua
756 2381 883 2459 deserta,
909 2388 1065 2441 tranum
1114 2383 1243 2441 nimirum

146 2467 215 2544 quia
235 2466 389 2525 Graemlos
408 2467 463 2525 iste
478 2467 509 2525 iu
526 2466 615 2526 bosblo
638 2473 668 2526 et
693 2471 866 2548 praemon
887 2466 1012 2543 aliquam
1035 2466 1243 2526 similitudinem

145 2551 344 2612 arimadverfit
356 2569 419 2611 cum
431 2569 501 2612 voce
513 2545 621 2632 βάϊαν,
640 2552 705 2610 ideo
719 2552 840 2633 putabat
856 2552 925 2610 inde
936 2553 1102 2630 formatam,
1128 2553 1210 2628 quasi
1221 2571 1242 2610 α

145 2640 240 2713 oon'o,
260 2655 328 2718 seu,
348 2641 382 2694 ut
396 2637 457 2717 ipse
468 2637 642 2716 scripsisset,
662 2638 805 2717 αβαρὶω,
825 2642 856 2694 et
871 2638 1036 2718 omissooa
1053 2637 1141 2714 aaa,
1162 2636 1242 2711 quod

145 2727 192 2780 est
208 2725 288 2780 nuto.
329 2720 395 2779 binc
409 2722 493 2782 etism
510 2722 578 2781 dicit
592 2721 712 2779 Iudaeos
732 2740 790 2780 non
809 2719 1012 2798 intelligentes,
1040 2720 1156 2777 Christo
1170 2720 1241 2778 ffro-

144 2805 314 2882 rosolyrnam
332 2806 523 2884 ingrediente,
545 2806 614 2884 quid
631 2805 685 2864 sibi
700 2805 784 2864 vellet
798 2805 847 2863 illa
869 2825 1009 2864 ramorum
1032 2804 1172 2882 gestatio,
1192 2824 1242 2862 ex·

145 2891 279 2950 clamasse
292 2891 401 2970 βαβαί,
421 2893 531 2972 papae!
549 2887 644 2970 βαβαὶ
657 2891 719 2951 ταῖν
738 2893 921 2951 Modonnos
943 2891 1161 2972 παραγγελιῶν,
1182 2883 1240 2969 βαὶ·
1257 2903 1279 2958 1³
1295 2905 1346 2959 231

147 2984 199 3038 ἴον
224 2969 452 3056 αἷπροσδόκηταν
477 2973 597 3058 γέγονε,
626 2971 757 3037 τουτέστι
786 2969 942 3056 μπαφαρδ
973 2974 1050 3057 πρδς
1066 2966 1236 3037 ’ἀπώλειαν

145 3059 215 3121 bueo
232 3059 386 3119 Graeculus
405 3059 452 3119 ille
472 3063 508 3120 de
528 3065 624 3138 etymo
642 3060 735 3137 vocis,
751 3061 862 3142 ληρῶν.

229 3175 323 3238 Donet
346 3167 440 3238 autern
464 3177 615 3238 sasamon
629 3176 684 3238 hoc
699 3179 760 3240 τοῖν
784 3169 964 3258 βαΐοφὸραν
989 3175 1036 3236 die
1055 3175 1239 3256 imperatores

145 3262 212 3334 olim
232 3281 266 3322 ac
285 3263 457 3342 patriarchas
474 3263 649 3324 distribuisse
665 3263 787 3322 subditis
805 3256 917 3343 δδγας,
942 3261 997 3320 hoc
1014 3269 1059 3320 est
1077 3281 1186 3322 munem
1208 3270 1239 3320 et

143 3349 226 3419 boiu3
246 3347 376 3426 huncque
394 3367 477 3408 usum
493 3350 636 3428 usquead
652 3354 781 3428 tempora
798 3347 979 3406 Constantini
998 3349 1171 3406 monomachi
1186 3349 1238 3405 du-

143 3452 223 3492 rasse
236 3439 267 3494 et
280 3439 381 3513 postea
403 3435 526 3493 desiisse.
566 3440 634 3492 sunt
657 3440 752 3492 autem
770 3452 852 3510 rogae
870 3431 1012 3511 stipendia
1034 3433 1119 3491 etiam
1135 3431 1238 3492 milita-

143 3518 201 3578 ria:
222 3517 287 3576 binc
300 3520 379 3599 apud
391 3519 531 3578 Codinum
544 3538 599 3578 vox
610 3519 675 3598 ipsa
688 3512 793 3599 δόγαι,
813 3523 843 3576 et
860 3518 927 3577 inde
943 3517 1055 3576 formati
1068 3513 1238 3598 ρογᾶτορες,

144 3601 246 3665 milites
261 3603 309 3679 qui
331 3603 480 3682 stipendia,
493 3609 617 3679 merent,
644 3603 773 3664 collutos.
814 3603 881 3661 item
903 3601 1082 3680 largitiones,
1106 3607 1239 3679 nogotio-

144 3707 207 3764 nes,
225 3707 342 3746 munera
355 3693 386 3745 et
399 3688 475 3746 dona
488 3707 506 3748 a
519 3688 689 3768 principibus
701 3687 852 3748 liberaliter
866 3687 994 3745 distribui
1006 3694 1148 3747 consueta
1180 3706 1238 3763 qua

144 3791 214 3832 voce
228 3773 327 3832 crebro
342 3772 431 3830 utitur
452 3773 536 3831 etiam
553 3772 719 3834 Anastasius
738 3772 962 3831 bibliothecarius
980 3773 1009 3830 in
1023 3773 1152 3832 Historia
1160 3771 1237 3830 Pon·-

143 3857 266 3936 tilicum,
287 3857 369 3916 utin
387 3855 529 3934 Eugenio:
549 3878 642 3935 rogam
661 3859 729 3918 claro
744 3858 829 3918 dedit.
869 3855 935 3915 binc
951 3857 1036 3916 etiam
1052 3862 1137 3916 uatus
1158 3857 1236 3916 vide-

96 3971 99 3982 2
144 3948 193 4001 tur
208 3945 309 4014 modus
326 3941 460 4017 loquendi
477 3940 692 4002 Germanorum:
712 3962 740 4000 er
757 3943 806 4001 but
819 3943 862 4000 ein
881 3947 963 4016 μίαν
979 3961 1061 4018 rogen
1079 3963 1179 4019 sogor,
1198 3943 1235 3998 de

141 4027 191 4086 illo
212 4029 260 4104 qui
279 4027 449 4087 luculentum
463 4027 532 4102 quid
551 4029 671 4107 adeptus
689 4033 742 4085 est
783 4027 944 4086 binoctium
960 4023 1095 4109 (loyso'sw
1109 4028 1235 4093 militare,

142 4131 254 4173 merere:
275 4115 350 4172 forte
370 4131 437 4172 cusa
453 4117 483 4170 et
500 4111 570 4172 baec
584 4132 638 4172 vox
655 4133 673 4172 a
689 4110 793 4174 Latino
805 4131 870 4190 rogo
883 4111 926 4170 vel
942 4131 1027 4190 erogo.
1068 4111 1155 4170 babet
1167 4109 1234 4166 Bal-

138 4217 241 4259 samon
255 4199 339 4258 etiam
355 4193 491 4282 ραγᾶλια.
966 4193 969 4199 ’

225 4298 394 4360 Huiusmodi
417 4318 515 4380 rogam
537 4319 556 4361 a
574 4318 607 4359 se
626 4300 717 4361 visam
747 4300 879 4365 describit
896 4296 1089 4378 Luitprandus
1102 4294 1235 4356 Tioiueu·
