3092 4942
446 427 504 494 DE
530 430 708 500 OFFICIIS
733 434 793 500 GP.
817 435 901 502 ChP.
928 436 953 504 λ.
1222 438 1245 509 5

153 583 157 595 ⁸
251 597 299 664 ‘H
311 600 396 688 τρίτη
415 599 533 679 πεντάς.
570 600 587 668 5
609 600 801 691 ἱερομνήμων
822 609 865 685 ελς
886 609 921 674 τδ
942 610 1063 691 βλέπειν
1081 611 1138 688 τάς
1157 611 1247 695 εύχάς

153 701 282 768 ὄπισθεν
301 710 356 769 τοῦ
375 704 553 792 ἀρχιερέως,
573 715 693 793 κρατῶν
710 709 765 774 τδν
782 712 1004 797 ένθρονιασμδν
1019 716 1070 778 καλ
1085 713 1121 781 τδ
1137 713 1285 782 aona-u

155 833 219 872 κιον
240 813 297 890 τῆς
314 809 510 894 χειροτονίας.
611 807 628 876 5
649 811 696 876 έπλ
712 818 773 877 ταῖν
788 812 938 898 γονάτων,
964 824 1084 902 κρατῶν
1096 817 1131 884 τδ
1145 821 1248 904 ἐπιγο-

155 908 258 974 νάτιον
276 916 333 976 τοῦ
352 910 521 998 ἀρχιερέως.
622 908 639 978 5
663 915 710 978 ίπλ
732 921 794 982 τῶν
814 916 946 1000 δεήσεων
960 919 1121 1006 ἀπέρχεται
1137 926 1179 999 είς
1195 921 1247 988 τδν

130 1025 146 1079 5
153 1011 282 1093 βασιλέα
300 1009 375 1101 ύπέρ
397 1021 458 1079 τῶν
477 1016 692 1098 ἀδικουμένων.
728 1035 731 1044 “
796 1016 813 1085 5
832 1021 880 1084 έπλ
899 1011 1130 1110 τῶνόεκρέτων
1151 1027 1194 1101 εἰς
1211 1025 1247 1089 τδ

154 1113 259 1182 παύειν
271 1114 324 1181 ab
339 1117 413 1214 λαδν
428 1120 475 1182 ε’πλ
489 1117 524 1216 rh
541 1121 660 1206 aspirem.
762 1119 779 1188 5
801 1125 849 1188 ίπλ
866 1130 922 1208 τῆς
937 1125 1021 1214 λεράς
1036 1124 1249 1204 καταστάσεως

155 1222 196 1296 εἷς
211 1217 245 1285 rt
264 1227 358 1294 ποιεῖν
372 1219 510 1298 εὐταξίαν
522 1223 606 1300 έντδς
620 1228 676 1290 τού
689 1220 838 1309 βήματος.

249 1317 296 1386 Ἦ
318 1319 446 1410 τετάρτη
471 1322 590 1402 πεντάς.
633 1323 650 1392 5
684 1324 921 1412 ἀναμιμνήσκω
948 1333 992 1408 είς
1017 1329 1053 1397 τδ
1079 1332 1287 1415 ε’νθυμίζεινῢ

153 1425 205 1490 τδν
224 1422 364 1512 ἀρχιερέα
384 1434 547 1509 μυστικῶς.
646 1426 663 1494 5
680 1430 866 1508 διδάσκαλος
879 1438 934 1497 τοῦ
944 1433 1131 1519 εὐαγγελίου,
1152 1434 1249 1523 ἑρμη-

115 1547 145 1598 10
155 1525 247 1593 νεύων
261 1527 347 1594 aaut
448 1526 465 1596 5
483 1526 667 1610 διδάσκαλος
678 1541 733 1600 τοῦ
746 1534 934 1614 ἀποστόλου,
961 1534 1132 1622 ἕρμηνεύων
1147 1536 1249 1604 αάτάν.

154 1627 169 1695 δ
187 1625 372 1709 διδάσκαλος
385 1639 442 1697 τοῦ
455 1636 629 1720 ψαλτηρίου
643 1641 685 1714 είς
697 1637 732 1703 τδ
745 1635 917 1727 ἑρμηνεύειν
927 1639 1014 1706 atri.
1114 1638 1132 1708 5
1146 1640 1249 1729 ῥήτωρ

155 1738 196 1811 είς
211 1734 246 1800 εδ
261 1731 433 1821 ἑρμηνεύειν
447 1736 501 1814 τδς
514 1734 648 1825 γραφάς.

248 1833 296 1902 Ἦ
314 1838 433 1923 πέμπτη
458 1836 575 1918 πεντάς.
612 1837 629 1905 5
643 1839 747 1928 ἀρχων
759 1849 822 1908 τῶν
833 1845 1058 1929 μὀναοτηρίων,
1082 1844 1159 1930 έχων
1170 1847 1249 1928 μετὰ

151 1945 207 2008 τού
217 1937 349 2026 μεγάλου
364 1945 565 2027 σακελλαρίου
574 1943 630 2029 τήν
642 1951 704 2012 τῶν
716 1949 928 2033 μοναστηρίων
939 1944 1056 2030 ένοχήν.
1156 1945 1173 2014 5
1187 1947 1245 2034 ἀρ·
1261 1966 1286 2020 Ι)

114 2061 143 2114 15
148 2069 213 2126 χων
225 2049 287 2110 τῶν
301 2047 475 2130 έκκλησιῶν,
497 2045 574 2129 ἔχων
585 2045 642 2129 τήν
655 2047 763 2132 ένοχήν
778 2055 839 2114 τῶν
849 2050 1018 2132 ’ἐκκλησιῶν
1030 2049 1109 2133 μετὰ
1121 2055 1177 2114 τοῦ
1191 2075 1250 2114 σα-

149 2149 279 2214 κελλίου.
381 2145 397 2213 5
415 2147 518 2236 ἀρχων
531 2157 588 2216 τοῦ
602 2149 773 2236 εάαγγελίου
789 2154 832 2228 είς
844 2151 879 2218 νδ
897 2160 1018 2238 κρατεῖν
1032 2159 1123 2218 τοῦτο
1140 2153 1250 2231 εἰςτὰς

150 2248 244 2330 λιτάς.
349 2248 365 2315 5
386 2251 489 2337 ἀρχων
507 2259 568 2318 τῶν
585 2251 716 2340 φιύτων,
742 2253 819 2338 ἔχων
839 2254 895 2337 τήν
918 2253 1024 2338 ίνοχήν
1045 2261 1106 2322 τῶν
1130 2281 1250 2344 mopso-

149 2357 269 2420 τίστων.
370 2351 387 2418 5
408 2353 511 2440 ἀρχων
531 2362 592 2422 τῶν
611 2356 822 2442 ἀντιμινσίων,
848 2354 976 2444 είσάγων
990 2357 1062 2435 τούς
1077 2359 1250 2448 είσερχομέ-

149 2483 221 2534 νους
236 2461 278 2534 εἰς
293 2456 349 2540 τὴν
363 2453 451 2542 ἀγίαν
465 2455 647 2544 μετάληψιν.

18 2565 20 2588 ⁵
112 2576 143 2629 λθ
248 2557 296 2624 Ἡ
313 2560 382 2643 λ’λτη
401 2559 519 2638 πεντάς.
555 2559 571 2627 5
600 2567 720 2650 πρῶτος
747 2560 916 2650 ἀστιάρως,
951 2570 1072 2648 κρατῶν
1101 2562 1158 2639 τὰς
1184 2560 1248 2629 θύ-

139 2690 207 2750 ρας
235 2667 278 2739 εἷς
305 2663 360 2740 τὰς
379 2666 572 2750 χειροτονίας.
674 2663 690 2730 ὁ
714 2663 853 2753 δεύτερος
872 2664 1042 2753 δστιάριος,
1070 2673 1191 2754 κρατῶν
1211 2667 1246 2733 τδ
1263 2682 1320 2738 Ρ4

217 2841 358 2910 διανεμεῖν
374 2842 396 2895 P
415 2839 452 2912 (ἰ.
472 2861 497 2898 e.
513 2842 596 2900 editio
613 2843 802 2915 Parmensis),
819 2844 930 2915 ιιρατόν
945 2862 1034 2916 margo

218 2995 329 3050 Tertius
342 2996 487 3067 quinarius.
503 2998 731 3055 ·hieromnemonis
746 3016 838 3054 munus
853 3005 896 3053 est
909 3016 979 3069 poue
993 2996 1168 3067 patriarcham
1183 3013 1246 3066 prs-

148 3083 193 3120 oes
216 3065 362 3134 inspicere3
388 3067 520 3152 habetque
541 3086 590 3124 aue
612 3071 641 3124 iu
662 3077 796 3140 potestate
819 3067 1039 3122 enthroniasmum
1057 3074 1086 3119 et
1101 3067 1247 3122 conueirn

147 3153 196 3192 seu
213 3134 308 3188 librum
325 3135 508 3192 ordinetioms.
610 3139 657 3210 qui
672 3157 689 3193 a
704 3139 817 3207 genibus
834 3145 894 3202 est,
909 3153 958 3190 sua
973 3136 1003 3189 iu
1017 3142 1150 3206 potestate
1165 3135 1248 3220 hahet

147 3205 340 3272 supergenuule
356 3206 530 3274 patriarchae.
636 3209 787 3278 praefectus
803 3205 949 3274 supplicum
965 3206 1105 3277 precibus,
1128 3223 1177 3276 pro
1193 3206 1248 3258 rihs

148 3273 195 3342 qui
219 3273 315 3328 iniuria
337 3275 501 3344 efficiuntur,
528 3277 562 3330 ad
584 3276 618 3330 im
653 3286 766 3330 retorem
790 3274 901 3330 accedit.
1004 3274 1061 3328 eius
1099 3273 1125 3326 ui
1142 3282 1246 3328 secreto

149 3351 257 3411 praeest
273 3359 365 3396 munna
383 3353 424 3397 est
441 3354 485 3414 ut,
508 3347 569 3402 dum
584 3347 612 3398 iu
631 3344 683 3398 ioia
699 3345 844 3413 habentur,
870 3343 992 3413 populum
1009 3343 1038 3396 iu
1055 3292 1145 3397 οίάοἰο
1160 3343 1249 3396 couti-

148 3419 226 3533 2:35
242 3484 271 3533 n
285 3414 474 3538 αίλῖλὲἳλλ
488 3412 1247 3540 :atta“ttbttbttfflttbttttttttt

581 3541 583 3543 -
609 3524 618 3552 ν
884 3523 893 3554 2

147 3551 215 3602 ordo
231 3551 396 3607 observetur.

218 3618 335 3680 Quartus
353 3619 497 3689 quinarius.
525 3622 640 3676 monitor
654 3637 703 3676 sen
717 3627 858 3689 suggestor
874 3621 908 3674 ud
924 3619 975 3674 hoc
990 3617 1147 3674 oooatitutus
1161 3624 1204 3672 est
1215 3623 1246 3672 ut

146 3685 314 3756 patriarchae
335 3689 416 3743 tacite
431 3699 556 3760 suggerat
573 3701 602 3745 et
616 3691 645 3744 in
661 3691 811 3744 memoriam
828 3697 945 3743 revocet.
1047 3688 1140 3740 doctor
1163 3703 1247 3740 esau·

146 3755 229 3824 getii,
252 3756 298 3826 qui
319 3756 508 3827 iuterpretatur
528 3760 603 3814 illud.
705 3759 798 3813 doctor
813 3757 941 3826 apostoli,
965 3753 1012 3826 qui
1028 3754 1097 3811 iliius
1112 3756 1246 3838 interpres

146 3833 201 3879 est.
304 3827 397 3880 donor
413 3828 533 3898 psalterii
549 3827 675 3902 psalterio
692 3827 853 3900 explanando
873 3826 1030 3881 dastimtus.
1131 3826 1247 3880 rhetoras

29 3929 31 3946 .
147 3909 243 3947 munus
261 3901 303 3948 est
319 3895 464 3967 scripturas
477 3897 659 3969 interpretari.

30 3997 31 4014 .
220 3963 334 4025 Quintus
357 3965 503 4050 quinarius.
531 3967 682 4036 praefectus
705 3963 872 4020 monasteriis
888 3960 959 4031 gerit
974 3977 1031 4016 curn
1050 3979 1143 4032 magno
1160 3961 1245 4016 sucd-

30 4023 32 4080 !
146 4031 216 4085 iario
233 4041 446 4089 monasteriorum
463 4051 559 4091 curam.
660 4036 811 4106 praefectus
833 4031 951 4114 ecclesiis
975 4031 1142 4116 sodesiarum
1157 4048 1246 4086 curem

146 4101 222 4168 gerit
236 4117 293 4155 cum
309 4112 430 4158 curatore
447 4105 548 4164 sacelli.
649 4106 802 4175 praefectus
819 4101 954 4171 evaugeho
969 4109 1043 4154 tenet
1056 4101 1120 4155 iliud
1135 4103 1169 4155 ad
1183 4117 1247 4171 pro-

146 4169 284 4224 cessiones
301 4188 334 4224 ac
348 4173 463 4244 litanias.
567 4171 716 4245 praefectus
736 4171 878 4226 luminibus
895 4187 982 4224 curam
999 4171 1080 4225 habet
1095 4187 1183 4253 eorum
1200 4168 1247 4252 qui

146 4255 234 4309 nuper
257 4239 410 4310 illuminati,
435 4244 486 4296 hoo
511 4247 552 4296 est
574 4243 718 4312 baptizati,
744 4250 816 4295 sunt.
918 4239 1069 4310 praefectus
1087 4250 1248 4293 onumensna

147 4325 196 4360 eos
213 4307 259 4376 qui
275 4319 390 4364 sannam
408 4313 610 4366 communionem
626 4312 763 4382 percipere
780 4310 871 4364 volunt
885 4307 1037 4363 introducit·
1153 4374 1160 4389 .
1209 4376 1215 4389 ·

218 4377 316 4432 Sextus
338 4379 484 4449 quinarius.
514 4383 613 4452 primus
635 4381 759 4434 ostiarius
775 4380 848 4434 iores
864 4377 997 4446 custodit,
1021 4379 1082 4431 dnm
1103 4375 1248 4430 ordinabo-

147 4462 197 4499 nes
215 4456 385 4518 peraguntur.
488 4453 616 4506 socundus
633 4449 757 4506 ostiarius
771 4457 847 4505 tenet
858 4445 1055 4517 monampnlom.
1158 4456 1248 4516 proto-
