3092 4942
273 326 278 336 ¹
339 240 411 311 ιον
495 235 775 305 emrsnmnr
793 233 1276 303 aom1oomnmnrs1uus

405 401 559 455 Habuerunt
586 396 694 451 Romani
716 397 821 451 caerites
845 396 942 451 ποονίί
966 396 1142 467 imperatorii,
1166 395 1200 451 da
1221 396 1321 469 quihus
1335 398 1446 453 Paulus

335 473 467 530 Diaconus
493 470 564 524 Ll'l
588 476 616 521 et
636 468 669 521 L.
692 467 726 520 29
751 484 773 519 o.
793 466 925 520 Theodos.
955 464 988 519 de
1010 468 1117 519 Αιιιιοοιι
1147 470 1175 518 et
1201 468 1318 531 Trihutis
1342 469 1361 521 Ι.
1390 470 1446 523 11.

339 540 435 593 Graeci
458 539 556 609 pariter
579 538 655 589 etism
676 535 781 589 vocibus
805 536 909 589 consoni
934 532 1072 587 Badurium
1094 534 1182 587 lustini
1205 536 1311 591 fratrem
1322 533 1446 604 κόμητοτ

337 612 393 663 τῶν
413 608 557 679 βασιλικῶν
574 604 716 671 staulam,
743 606 872 725 aliumsspe
901 618 1052 671 anonymum
1079 602 1167 656 eadem
1197 620 1228 675 ap
1262 606 1367 659 llatione
1395 606 1446 657 in-

338 678 461 744 signitum
481 674 550 747 apud
569 674 751 741 Theophanem
769 681 797 726 et
857 688 929 725 onem
954 671 1151 725 Grammatioum
1173 672 1199 725 in
1246 674 1363 743 heophilo
1393 672 1446 727 ia·

340 752 423 800 etant.
458 746 492 799 ab
510 744 547 797 iis
570 743 666 795 vetusti
687 742 781 794 Franci
805 742 931 809 regiorum
955 740 1112 793 stabulorum
1131 744 1233 795 comitas
1252 743 1446 809 canamellas,-

341 814 439 868 Graeci
454 813 609 867 recentiores
626 828 686 863 suos
702 810 902 871 κονεσταύλοιις
925 806 1130 871 κονοσταύίους
1150 810 1194 863 vel
1216 810 1447 871 κοντοοταύλοιις

341 884 484 949 deducunt,
501 883 643 935 hortamen
663 881 696 933 ab
711 878 777 931 istis.
811 896 864 931 rem
902 878 972 931 auda
989 877 1085 949 aperio.
1118 879 1224 932 comites
1240 880 1360 935 neoterici
1370 874 1446 933 κόν-

343 970 410 1013 τοος
426 953 470 1019 (ne
486 946 615 1017 κοντούς,
635 950 682 1001 Ιιοο
700 955 740 999 est
757 949 861 1016 ίιτσοοι,
878 896 983 1013 dixeris)
1002 945 1146 1013 appellant,
1164 954 1193 998 ut
1209 948 1316 1001 Nicetas
1334 947 1361 1000 in
1380 950 1445 999 Αιι-

344 1021 449 1074 dronico
466 1019 484 1073 l.
503 1022 532 1073 la
556 1012 658 1071 cdxciv
674 1020 734 1077 τοῖς
749 1019 912 1083 στρατηγοῖς
928 1009 1133 1083 ὀπτανόμενος,
1160 1009 1209 1078 οὓς
1231 1014 1348 1077 κόντονς
1368 1014 1444 1085 εἴπῃ

344 1108 388 1151 τις
411 1082 448 1141 ἂν
469 1086 542 1141 Λατί
598 1080 731 1154 διαλέκτῳ
759 1084 904 1153 χρώμενος.
957 1084 1064 1137 stuiolo
1092 1084 1197 1139 στοιῦλα
1224 1087 1267 1139 vel
1295 1081 1444 1145 στοαίλονς.

344 1105 679 1227 Μοιοοοριιῐοιινίππῶνες
695 1148 891 1221 ίπποστοίσιις,
912 1153 1032 1206 aaudiat.
1068 1168 1100 1203 ax
1117 1158 1225 1223 utroque
1242 1155 1314 1207 nullo
1330 1154 1445 1221 negotio

345 1226 547 1285 κοντοσταῦλος
567 1229 677 1274 creatur.
711 1239 743 1275 ex
769 1222 872 1275 Gallico
894 1222 1057 1275 macestuhla
1081 1220 1224 1287 deduxisti,
1252 1223 1362 1291 inquies.
1399 1222 1447 1273 di·

345 1303 415 1349 ctum
431 1294 498 1350 volo.
530 1292 624 1345 mmai
640 1308 761 1359 namque,
778 1297 807 1344 ut
825 1289 1024 1343 Christianorum
1040 1290 1106 1342 bono
1126 1291 1196 1353 nati,
1213 1308 1245 1345 ea
1262 1308 1314 1361 qua
1326 1290 1447 1358 gaudent

345 1364 373 1417 in
391 1367 494 1416 exteras
509 1360 628 1429 regiones
645 1360 794 1412 excurrendi
818 1358 936 1424 licentia,
961 1358 1149 1425 frequentinae
1166 1359 1293 1423 Graecis,
1320 1361 1398 1414 fidem
1417 1359 1445 1411 in
1515 1386 1520 1397 ·

347 1434 491 1483 §amoenos
513 1428 714 1549 propugnaturi,
740 1428 866 1498 stipendia
890 1428 1100 1497 promerebantur
1124 1431 1163 1490 (ut
1185 1428 1303 1482 Ruselius
1328 1429 1372 1482 ille
1399 1426 1445 1497 qui

348 1500 540 1569 quadringentas
587 1497 669 1550 rancis
693 1498 759 1567 apud
786 1496 965 1565 curopalatem
982 1502 1010 1549 at
1024 1498 1122 1547 Annam
1139 1496 1289 1550 Coumenaru
1308 1498 1445 1549 adiunctus

351 1570 509 1624 Graecorum
527 1566 664 1619 exercitum
680 1566 811 1631 ducebat),
829 1565 969 1633 ducemque
984 1580 1056 1617 suum
1074 1564 1173 1617 ιιοιιιιίοἰ
1190 1565 1361 1635 appellatione
1373 1564 1444 1635 apud

348 1653 410 1691 suas
425 1636 532 1689 colenda
547 1635 641 1687 diam
660 1636 803 1687 uoluerunt.
838 1650 905 1704 quae
925 1650 985 1687 vero
1002 1634 1099 1687 stohulr'
1115 1634 1220 1701 comite,
1243 1634 1320 1701 vulgo
1338 1642 1446 1688 coasta-

349 1706 460 1773 hulorio,
473 1703 620 1757 honoratior
630 1720 688 1755 esse
701 1704 785 1773 potuit
802 1709 846 1755 aut
863 1703 912 1755 sibi
927 1700 1067 1767 decentior,
1083 1702 1135 1755 τοῦ
1151 1702 1331 1757 monastertio?
1364 1720 1397 1755 eu
1415 1707 1446 1755 ut

349 1775 385 1827 ad
401 1775 467 1827 hanc
483 1789 572 1827 vocem
588 1773 660 1825 velut
675 1771 702 1824 iu
718 1774 813 1825 iontem
831 1771 927 1824 Graeci
943 1772 1056 1825 referant
1072 1786 1132 1825 suas
1149 1772 1383 1838 κοντοστοιύλοος,
1402 1772 1446 1822 in-

350 1848 394 1895 ter
404 1859 467 1911 quos
486 1843 618 1909 Gregoras
635 1848 663 1893 et
678 1840 867 1907 Chaluondyles
883 1835 1086 1901 κονοσταιίλονς
1103 1841 1272 1909 pronuntiant.
1308 1841 1445 1893 dictionem
1463 1888 1466 1893 .

350 1918 437 1965 tanam
447 1910 516 1979 apud
534 1917 652 1962 auctores
668 1910 759 1961 Alexio
777 1910 906 1961 Cumuenu
923 1908 1083 1978 superiores,
1101 1925 1150 1960 uec
1167 1908 1316 1977 dignitatem
1327 1927 1357 1961 eo
1367 1909 1444 1978 ,prio-

351 1996 405 2033 rem
422 1979 551 2048 reperiens
576 1985 604 2032 at
626 1978 660 2103 ge
683 1977 774 2032 comita
791 1976 886 2032 stabuli
904 1976 948 2031 vel
965 1976 1122 2031 coutoataulo
1140 1992 1188 2031 ceu
1204 1978 1361 2032 Francorum
1379 1976 1444 2031 duca

349 2054 461 2103 aratur
477 2056 568 2101 auctor
585 2066 609 2103 ο.
645 2086 652 2101 .

435 2156 464 2215 p.
478 2141 499 2200 9
515 2156 542 2197 v.
560 2142 589 2202 9.
627 2135 748 2214 Magnus
768 2135 923 2213 logotheta]
946 2135 1015 2211 quid
1037 2135 1075 2194 sit
1097 2134 1259 2213 logotheta,
1279 2134 1443 2196 iaml.1c.

263 2249 279 2257 r
352 2221 589 2299 6explicavimus.
609 2228 639 2280 et
659 2221 784 2297 quamuis
808 2220 921 2278 Nicetes
946 2221 1021 2278 dicat
1046 2238 1107 2279 esse
1128 2240 1192 2279 eum
1212 2222 1261 2296 qui
1276 2219 1385 2279 Latinis
1405 2219 1444 2277 sit

352 2305 546 2384 caracellarius,
571 2311 665 2364 tamen
686 2306 715 2363 id
736 2306 840 2381 ubique
857 2305 950 2364 locum
965 2304 1068 2363 habere
1090 2324 1149 2364 ιιοιι
1166 2310 1269 2385 potest
1291 2306 1353 2381 quia
1371 2304 1445 2362 enim

351 2388 526 2473 logothetam
535 2383 661 2471 οἷμολοῖν,
680 2392 821 2467 peccamus
837 2408 888 2449 seu
899 2409 1020 2469 gregum,
1034 2396 1114 2451 vocet
1134 2390 1340 2470 cancellarium,
1359 2394 1393 2449 ut
1415 2392 1446 2447 et

352 2472 527 2550 logothetam
538 2477 594 2534 τοῦ
607 2466 738 2552 δρόμον,
760 2474 874 2534 carnari

422 2570 488 2623 thid.
523 2565 677 2638 λομοθέτην
704 2587 720 2623 ιι
744 2570 845 2637 cyrillo
870 2575 899 2623 et
923 2587 940 2624 a
965 2572 1149 2641 chrysostomo
1174 2571 1207 2625 de
1232 2572 1332 2627 Poanit.
1348 2571 1445 2642 acpri-

357 2654 424 2691 mum
442 2654 458 2689 a
475 2638 591 2691 cedreno
609 2638 635 2692 in
652 2638 787 2691 Anastasio
805 2646 985 2706 memoratum,
1008 2658 1095 2694 verum
1119 2641 1146 2693 in
1165 2641 1215 2694 aliu
1233 2659 1308 2711 quam
1324 2642 1369 2711 qui
1386 2657 1445 2709 per-

355 2713 484 2759 tractatur
500 2724 576 2759 sensu
592 2708 708 2791 reperior
734 2725 857 2777 praesens
874 2708 938 2761 enim
956 2714 1062 2763 estnon
1082 2709 1125 2779 qui
1143 2710 1251 2777 aerarii,
1277 2710 1323 2764 sed
1341 2708 1385 2779 qui
1397 2726 1445 2779 pu-

355 2774 416 2828 blici
436 2775 562 2859 regiminis
579 2785 693 2831 retronea
707 2779 790 2845 ponit.
826 2793 930 2845 magnus
947 2796 1055 2847 namque
1072 2780 1203 2846 logotheta
1223 2796 1277 2832 cum
1294 2780 1445 2849 imperatore

356 2860 493 2897 ονιιιιιιιιιιιιι
506 2844 566 2897 honi
585 2845 708 2898 ratione·
726 2847 822 2909 hahet,
848 2863 890 2898 res
907 2847 974 2901 unde
989 2848 1146 2919 reipublicae
1163 2848 1317 2903 commodum
1334 2854 1361 2901 at
1374 2846 1446 2900 simul

355 2912 477 2983 principis
496 2914 629 2967 thesaurus
652 2916 768 2983 augescit
790 2914 967 2981 administrat,
1001 2923 1028 2969 et
1056 2914 1164 2985 denique
1194 2916 1292 2970 cunctis
1321 2916 1445 2987 providet.

357 2984 390 3033 ιι
406 2982 450 3035 aa
469 2983 615 3049 aragona,
642 2984 686 3036 aar
704 2984 738 3035 aa
754 2983 905 3051 nazarene,
923 2986 939 3039 a
955 2988 992 3040 as
1008 2974 1045 3055 ἦν
1062 2980 1078 3037 a
1095 2981 1252 3049 Μουςαισι
1269 2980 1444 3055 (soporans)

358 3050 399 3119 τῷ
422 3052 531 3123 βασιλεῖ
552 3049 807 3117 παραδοναστεύσον
827 3049 904 3122 τότε,
931 3052 979 3106 καὶ
1001 3058 1061 3114 τοῖς
1078 3053 1228 3123 βασιλικοῖς
1243 3052 1291 3107 καὶ
1308 3052 1446 3122 δημοσίοις

357 3117 504 3186 μεσιτείαν
524 3116 681 3189 πράγμασι,
710 3120 759 3174 καί
780 3116 858 3187 παρὰ
882 3123 933 3174 τοῦ
957 3118 1087 3193 βασιλέως
1107 3122 1234 3191 μεγίστην
1258 3118 1446 3189 καρπούμενος

358 3182 413 3253 τὴν
435 3186 507 3239 aldai
528 3185 575 3240 daci
597 3206 627 3243 ra
650 3190 752 3257 σοφίαν
772 3187 821 3243 καὶ
843 3191 930 3258 γῆρας
951 3186 1061 3258 μακρὰν
1087 3188 1135 3243 καὶ
1153 3191 1282 3259 ποικίλην
1307 3184 1445 3261 ἐμπειρίαν

357 3250 789 3392 ullttffit'htttlttt
805 3254 1024 3381 itlnllttl
1039 3258 1409 3382 llldlrrlitl⁰llill⁰lil
1420 3258 1445 3379 l:

296 3407 300 3415 ·
360 3386 555 3473 ὃιμταμμοίττον
570 3388 620 3475 τὸη
633 3346 877 3479 Ἀμιμθεωὸοέίηην
893 3396 1006 3464 τίθησιν
1028 3391 1172 3482 Ἰηᾶννην.
1207 3396 1255 3450 καὶ
1272 3387 1308 3483 ᾖν
1324 3348 1364 3450 dall
1379 3345 1444 3482 πέρο-

358 3459 1068 3601 :aasallaaalaaaaaala
1091 3459 1444 3604 ustiuhaima

359 3594 543 3679 Parapinacior
563 3594 603 3679 είς
617 3594 670 3665 τὴν
686 3601 741 3681 cciv
758 3604 860 3653 κοινῶν
877 3602 1012 3669 διοίκησιν
1029 3601 1277 3671 καταστησάμενος,
1296 3598 1444 3669 inpatiens·

359 3681 447 3745 αοτον
463 3663 678 3734 προβαλομινος.
713 3683 737 3719 ιτ
759 3686 809 3721 ιιοιι
828 3670 946 3723 absimilia
966 3688 1060 3724 summu
1075 3672 1144 3741 regii
1162 3672 1306 3741 publiciqua
1324 3672 1385 3723 iuris
1400 3670 1443 3722 ad-

358 3733 491 3797 ministro,
517 3751 590 3802 quem
619 3752 761 3805 supremum
787 3740 961 3792 cancellarium
985 3742 1088 3793 Graeco
1112 3741 1207 3793 Niceta
1231 3748 1296 3793 teste
1320 3756 1443 3791 vocamus:

359 3794 443 3883 sipia
460 3798 509 3856 cdv
527 3800 649 3870 οίκιῖον,
673 3800 889 3873 &palliatione
907 3805 1034 3877 βούλεται
1059 3806 1156 3877 φωνή,
1179 3806 1392 3877 καμκελλοίριον,
1410 3808 1444 3861 ita
1538 3846 1543 3861 .

360 3870 450 3953 retrahit
469 3871 577 3923 eiusdem
595 3874 721 3926 Manuelis
739 3874 757 3925 l.
776 3876 807 3941 7,
823 3872 859 3937 ὡς
876 3871 902 3929 δ’
912 3872 1043 3947 Ἕλληνες
1062 3880 1166 3933 είποιον
1182 3875 1337 3947 λομοθὲτην
1354 3866 1399 3945 (ἦν
1414 3871 1443 3928 di

360 3954 442 4020 οντμς
458 3936 473 3991 ὁ
491 3938 653 4010 Μαμέντζης
668 3939 827 4011 ἐπίσκοπος)
845 3940 974 4013 ἔπεμψεν.
1009 3948 1053 4001 fax
1071 3948 1137 4012 alia,
1160 3964 1212 4015 qua
1230 3964 1283 4001 vox
1302 3948 1444 4011 illustretur,

360 4006 420 4059 mrhr
436 4009 570 4090 guperllua
586 4017 635 4076 est,
669 4013 845 4066 animadverte
861 4016 934 4067 modo
950 4015 1105 4083 logothetam
1122 4016 1193 4086 prius
1207 4017 1287 4069 fuisse
1305 4016 1348 4085 qui
1359 4013 1443 4085 publici

361 4084 597 4159 aararruuquaestor
618 4087 737 4147 vocatum
762 4082 795 4134 de
816 4099 865 4151 quo
888 4100 963 4136 sensu
988 4100 1035 4136 nos
1056 4084 1137 4151 inira,
1163 4084 1207 4136 ubi
1224 4086 1382 4153 logothetam
1399 4082 1444 4137 cori

360 4161 470 4213 γενικον
492 4162 658 4227 exponemus.»
687 4147 774 4216 μέγαν
797 4152 865 4204 hune
889 4148 1043 4221 λογοθέτην
1069 4158 1128 4205 anta
1149 4153 1233 4205 alexii
1262 4163 1378 4223 tempora
1404 4152 1445 4203 vir

361 4214 474 4267 auditum
491 4231 560 4268 amur
580 4215 725 4285 διοικητοῦ
742 4236 830 4274 rocem
846 4220 902 4275 elus
919 4238 1008 4276 manua
1025 4221 1092 4291 apud
1106 4222 1226 4291 antiquus
1243 4222 1397 4293 significasse
1410 4222 1455 4275 la·'
