3092 4942
397 417 399 423 2
470 371 517 440 sn
538 371 686 438 conns
706 370 790 438 cnr.
807 369 931 441 xvnr.
967 463 973 474 ι
1172 373 1246 445 369

146 541 246 600 ossibus
262 559 296 598 oe
311 537 467 617 pulveribus
480 537 590 614 offeni,
605 539 635 596 in
649 536 708 596 olio
726 554 786 596 uero
795 543 918 614 stuppam
931 537 983 597 liri
998 539 1130 597 subtiliter
1143 558 1241 618 pesam

145 645 180 684 oc
199 626 265 703 pilis
282 621 427 701 pensilibus
442 624 554 681 molliter
566 622 730 695 demolitam,
752 625 799 680 cui
814 625 935 700 protinus
950 625 1024 698 ignis
1040 614 1198 703 odbs'betur,
1218 633 1244 684 et

145 716 250 788 repente
266 711 295 766 in
312 711 368 766 ictu
382 707 455 766 oculi
469 710 585 787 flamma
603 708 688 766 subito
702 712 812 765 vorante
825 710 1002 780 consumitur,
1026 715 1057 766 ut
1067 710 1188 769 inaltero
1199 711 1244 770 de-

144 796 205 854 beat
217 793 379 853 considerare
390 791 459 870 quod
472 797 526 869 esl,
550 796 579 852 in
589 792 672 851 altero
685 791 775 850 uolent
785 792 874 851 videre
884 792 953 870 quod
962 792 1039 851 babet
1046 837 1056 865 ,
1073 797 1105 852 in
1114 796 1243 855 cirsenbus

144 880 273 958 siquidem
284 898 311 936 se
321 879 430 938 cinerem
440 880 618 954 recognoscits
636 880 666 936 in
676 881 839 956 stuppo's'om
849 877 954 953 colls'git
962 881 993 936 in
1003 877 1047 937 die
1059 878 1156 938 indicii
1164 900 1244 959 quom

145 965 232 1022 subito
249 962 362 1022 mundus
380 962 502 1032 urdebit,·
525 969 674 1041 quotenus,
698 962 759 1020 dum
777 983 807 1022 se
823 963 935 1022 simulac
955 983 1006 1022 nso
1020 969 1075 1020 torn
1088 982 1170 1037 nono,
1188 971 1245 1022 tom

139 1049 225 1130 flocci
238 1047 374 1128 pendendo
389 1048 547 1122 considerat,
559 1048 591 1107 de
607 1047 755 1125 imperialis
769 1048 892 1107 culminis
907 1067 1014 1107 oscmso
1021 1049 1143 1126 fastigio
1151 1050 1244 1107 nullo-

144 1139 222 1194 lenus
252 1133 407 1204 insolesce,-
440 1140 465 1192 et
488 1133 549 1192 dum
570 1152 701 1212 possessor
720 1139 801 1211 atque
816 1137 945 1212 possessio
963 1133 1098 1192 subiacere
1118 1136 1248 1193 cmnmuni

145 1222 260 1278 omnium
277 1221 355 1290 cerni
367 1237 420 1277 non
435 1218 580 1294 ambigitur
586 1261 596 1292 ,
625 1221 680 1277 tom
700 1221 781 1306 ponii
798 1218 832 1276 dc
848 1217 985 1294 singulori
1001 1217 1145 1293 dignitatis
1161 1223 1246 1296 apice,

145 1307 195 1382 qui
211 1305 249 1362 od
267 1321 366 1362 summ
383 1309 524 1380 prouectus
544 1309 599 1376 est,
624 1321 675 1361 non
694 1305 814 1382 infletur.
853 1304 994 1382 pulcbsum
1018 1322 1080 1380 ergo
1096 1305 1247 1363 minsdnnoe

145 1387 436 1451 condicionis'ordinem
457 1387 531 1446 bomo
551 1387 712 1462 consideret,
734 1393 760 1446 et
781 1388 844 1446 dum
866 1391 923 1446 suis
945 1388 1036 1447 usibus
1056 1393 1144 1447 omnio
1165 1392 1248 1448 cernit

143 1474 276 1548 attribui,
297 1493 350 1532 non
367 1473 420 1544 sibi
435 1472 482 1532 sed
495 1471 543 1532 suis
556 1472 656 1552 reseret
671 1476 784 1556 gratius,
795 1471 938 1543 conditori·
955 1474 1143 1532 lenocinantem
1156 1474 1248 1532 mundi

143 1557 263 1635 gloriam
280 1559 329 1616 sub
344 1555 442 1616 iudicii
457 1560 502 1618 sui
517 1557 636 1617 culcibus
656 1557 804 1636 deprimat,
824 1563 936 1618 virorem
955 1561 1045 1618 cornis
1062 1560 1170 1618 aridum
1191 1564 1247 1619 iosn

139 1643 277 1722 puluerem
291 1640 397 1714 ersom,
424 1642 492 1702 diem
509 1662 572 1702 suoe
586 1646 732 1702 nocotsonis
748 1649 875 1720 tenpuom
890 1644 1024 1721 speculum
1039 1647 1097 1702 nris
1113 1646 1247 1704 obtulibus

143 1730 304 1806 anteponat,
319 1727 469 1786 districtum
487 1729 598 1788 ultimae
614 1728 786 1788 discussionis
804 1728 934 1786 indicium
952 1733 1152 1806 contremiscet,
1174 1749 1246 1807 pun-

143 1819 239 1885 tenus,
271 1810 333 1870 dum
350 1831 420 1870 nunc
437 1817 564 1871 creatoris
585 1817 630 1872 sni
649 1813 751 1890 legibus
774 1812 916 1887 subditur,
939 1816 987 1892 ραι·
1012 1816 1081 1872 inter
1098 1821 1246 1887 creaturos,

144 1901 343 1976 qnaslcrrenae
359 1903 437 1971 sunt,
456 1897 560 1956 uidetur
573 1901 707 1974 insignis,
724 1897 875 1958 incoelesti
891 1917 993 1976 puopue
1010 1897 1101 1972 glorio
1117 1901 1246 1960 verantes

143 1986 183 2040 sit
199 1981 328 2040 sublimis.
369 1985 400 2040 et
414 1981 470 2040 huc
483 1983 620 2041 tendebat
634 2001 747 2059 quoque
764 1986 876 2053 mocio,
896 2000 982 2056 qnam
994 1981 1146 2061 imperator
1157 1982 1246 2040 altera

143 2085 231 2126 manu
250 2065 324 2124 ferre
347 2066 472 2144 solebat,
499 2067 535 2126 de
556 2085 613 2143 qua
628 2069 683 2126 in'm
697 2067 809 2146 saepius
825 2067 939 2124 dictum.
980 2072 1134 2124 restantem
1148 2067 1246 2126 akaeia

143 2153 185 2212 ad
203 2151 318 2212 verbnm
338 2154 485 2237 innocentio
501 2159 531 2211 et
546 2151 662 2212 Anneius
677 2150 862 2227 Innocentius,
887 2158 921 2210 nt
933 2169 986 2210 suo
999 2151 1061 2210 loco
1078 2153 1244 2213 notavimus.

1168 2385 1176 2416 i

596 2459 793 2473 m

337 2707 939 2798 'CAPUTxm

215 2902 305 2972 p.100
320 2918 347 2956 r.
360 2904 385 2958 1.
407 2895 446 2954 rol
462 2897 567 2970 elusio]
585 2902 769 2972 dignoscuntur
785 2923 809 2959 c.
825 2906 844 2960 4
860 2905 934 2958 huius
952 2905 1045 2973 operis

232 3009 271 3068 ib.
297 3027 322 3089 κ.
349 3004 377 3070 4.
420 3005 542 3086 doliolis
571 3007 678 3072 πέδιλα
711 3011 826 3092 duplicis
857 3012 949 3072 coloris
981 3009 1164 3070 calceamenta.
1200 3011 1244 3068 vel

141 3094 212 3154 hinc
240 3099 361 3173 apparet
392 3091 558 3151 vocabulum
582 3093 703 3174 ὃιβολέα
729 3104 858 3174 spectare
884 3098 921 3155 ad
949 3096 1086 3174 duplioem
1115 3095 1243 3152 colorem.

141 3179 231 3260 (hacc
241 3199 264 3236 c.
279 3184 308 3243 8.
323 3174 435 3256 Gonni.)
451 3196 485 3236 ex
505 3196 573 3236 voce
586 3177 692 3241 relisi-n
712 3187 810 3240 natum
829 3188 874 3241 est
894 3178 1068 3251 nedodlsoo,
1090 3187 1120 3238 et
1133 3179 1244 3239 Latinis

141 3281 262 3342 quoque
277 3264 391 3343 pedulis.
433 3263 571 3342 interpres
585 3263 722 3326 luvenalis
737 3268 790 3326 Sat
805 3269 843 3331 1:
860 3268 969 3347 pedules
983 3285 1060 3325 novos
1083 3271 1113 3326 in
1134 3268 1245 3339 breccis,

142 3349 342 3456 quospcdprnm
358 3349 459 3410 dicunt.
573 3399 574 3404 ,
1099 3384 1102 3389 ·

216 3463 251 3517 ib.
267 3481 294 3518 v.
306 3466 332 3518 8.
347 3457 515 3532 ὑπόψηφοκ]
532 3463 636 3535 proprie
652 3464 697 3535 qni
713 3464 746 3518 sd
763 3463 867 3534 aliquod
884 3480 973 3517 munus
991 3451 1085 3519 electus
1097 3469 1143 3525 ¹est
1155 3467 1183 3515 et
1198 3463 1245 3516 de-

138 3538 270 3606 putatus,
286 3532 395 3584 nondum
413 3538 501 3585 tumen
515 3533 659 3603 impositum
685 3533 762 3587 habet
780 3535 822 3587 vel
838 3553 855 3588 a
873 3535 1008 3622 superiore
1024 3532 1189 3587 commissum.
1206 3533 1245 3587 sic

140 3605 246 3657 electus
263 3600 297 3652 sd
312 3601 504 3671 episcopatum,
520 3601 631 3656 nondum
647 3611 731 3656 tamen
742 3604 886 3669 ordinatus,
900 3600 1054 3674 υκάψηφος
1066 3606 1115 3655 est.
1138 3602 1245 3653 Enche-

141 3671 257 3795 lotgiums
273 3665 461 3791 noppps'pssos
475 3665 492 3725 ὁ
506 3664 672 3748 άποψήφιος
689 3673 741 3742 (itu
757 3673 835 3744 legit)
859 3669 916 3728 sind
933 3675 989 3728 osis
999 3670 1136 3740 κληρικῶκ
1147 3665 1245 3738 αὐτοῦ,

138 3759 158 3796 ιι
190 3755 315 3794 conseore
359 3778 368 3796 .

216 3841 253 3896 co.
268 3859 295 3898 v.
308 3841 350 3896 1⁵.
373 3819 530 3906 stennon
552 3838 640 3913 osso]
662 3843 723 3901 noe
740 3843 809 3901 nos
826 3846 853 3902 n
868 3842 989 3904 nuiss
1007 3862 1035 3914 p.
1052 3847 1088 3902 se
1103 3863 1131 3903 v.
1149 3847 1177 3904 s.
1238 3849 1242 3856 ·

215 3952 253 4008 ib.
270 3967 299 4008 v.
312 3951 354 4007 ir.
370 3945 497 4022 nandonis
513 3948 612 4022 μικράς
628 3949 770 4026 τέσσαρας]
787 3956 911 4026 despoton
932 3971 1027 4008 corona
1046 3956 1118 4010 solus
1128 3946 1244 4022 ,circulus
1316 4000 1318 4006 A

141 4025 187 4076 est
204 4021 313 4075 frontem
330 4020 461 4088 ambiens,
478 4037 551 4091 quem
568 4024 660 4092 gemini
675 4025 814 4094 hemicycli·
828 4041 938 4095 superne
959 4023 985 4077 in
1008 4034 1109 4079 crucem
1128 4025 1180 4078 noti
1197 4041 1245 4078 ex-

141 4094 249 4145 ornant.
266 4090 340 4144 radix
356 4089 431 4144 unius
448 4089 475 4143 in
490 4094 576 4146 fronte
593 4099 633 4147 est
655 4101 682 4146 et
704 4094 731 4146 in
755 4093 882 4164 occipite,
905 4111 984 4164 snpra
1006 4099 1140 4176 utromque
1156 4106 1244 4144 aurem

134 4159 267 4214 ,alberinus
281 4160 322 4214 itu
337 4165 462 4243 quattuor
472 4159 583 4220 tornines
594 4167 750 4231 exsurgunts
766 4159 879 4231 omission
894 4165 960 4218 einim
977 4165 1111 4232 hemicycli
1123 4177 1187 4234 pars
1203 4166 1246 4213 est

141 4227 239 4282 media.
260 4228 359 4300 imperis
381 4229 539 4284 Francorum
569 4247 704 4285 successor
730 4233 865 4316 domninus
887 4250 1005 4289 ooronsm
1033 4234 1121 4302 gestat
1144 4230 1245 4314 duobps

140 4297 288 4352 istiusmodi
307 4298 456 4368 hemicyclis
472 4300 499 4353 in
516 4317 617 4354 crucem
635 4309 788 4356 transversis
804 4301 926 4372 insignem
948 4311 976 4356 et
998 4297 1125 4370 nupsistis
1143 4315 1245 4370 μικρᾶς

140 4364 281 4432 τέσσαρας
298 4364 425 4438 ἔχουσαν.
442 4372 547 4425 inuste
563 4367 677 4427 Marsum
696 4371 843 4431 vnsonmn
859 4373 887 4429 in
902 4371 1008 4430 scientio
1024 4371 1147 4424 Heroice.

185 4447 282 4504 cosso.
304 4449 456 4523 coenant.
476 4451 510 4510 oe
530 4452 606 4522 offic.
996 4441 1039 4507 24
