3092 4942
247 330 324 403 222
401 325 687 429 euersumlsr
704 322 839 394 Gonu
857 322 1191 393 conuuuruuus

246 492 356 561 el‘rirque
371 491 500 545 nonnullis
515 486 702 559 exemplun‘lrue
718 482 995 559 χρνσοκλαδαριπὴν
1011 486 1125 555 diceret,
1141 486 1185 553 fob
1218 482 1352 556 queautd-

246 562 317 623 douc
332 555 678 645 eive'ppueouiudup'uucie,
701 558 794 628 quibus
810 574 874 641 equo
892 557 955 611 ludit
971 558 1086 642 ligures,
1106 572 1173 627 quae
1190 504 1290 641 ἐναντίῳ
1302 573 1353 641 ,εο-

247 626 1353 767 tlttdtttdrttlttrt‘d'dilgialt‘nt‘tttttdtrttttt

247 767 329 821 duem
344 767 452 821 ramelia
467 768 566 821 scribet
588 782 707 820 uumerus
730 781 843 833 sequens
865 763 967 819 tertius.
1001 770 1065 847 quet
1080 764 1145 817 eninr
1159 766 1241 817 remis
1258 764 1354 827 eunde,

246 852 301 905 que
318 837 395 891 rectis
412 852 464 905 que
480 836 625 901 contortis,
651 835 694 888 iric
713 832 892 886 discriminatis
910 838 937 887 et
963 831 1065 897 divion,
1087 832 1125 886 ibi
1140 833 1216 888 simul
1233 831 1355 895 collectis,

169 965 172 974 Ι
246 921 316 959 nunc
332 904 530 971 enascentibus,
546 904 610 958 elibi
626 902 752 957 truncatis
769 902 813 955 vel
828 900 938 955 iucunde
957 899 1148 970 desinentibus,
1165 901 1250 974 pingit
1265 916 1297 953 ac
1307 917 1355 953 ve·

249 973 300 1027 rint
317 973 469 1028 neterinori
503 973 544 1027 hic
560 979 647 1025 eutem
671 989 723 1025 uon
746 972 835 1025 clauos
859 970 906 1023 sed
928 970 1090 1024 characteres
1111 987 1218 1037 eureos,
1241 968 1356 1039 gerentis

247 1058 340 1097 nomeu
358 1043 548 1115 exprimentes,
562 1040 590 1095 iu
606 1042 657 1096 iure
673 1039 735 1111 pilei
748 1057 811 1106 ere,
828 1038 849 1092 ui
866 1038 953 1107 lubet,
970 1039 1106 1093 nocebis
1122 1048 1253 1098 ueram.

335 1177 364 1237 p.
377 1160 417 1223 13
427 1176 454 1215 v.
466 1158 494 1219 8.
509 1150 708 1234 σνρμντέϊνον
716 1153 921 1233 fimbriatum,a
930 1159 1070 1231 syrmate3
1085 1170 1141 1230 quo
1152 1154 1265 1213 nomine
1274 1150 1359 1213 iutel-

249 1242 310 1321 ligo
324 1243 457 1318 utn‘uque
477 1240 668 1318 dependentia
680 1258 716 1299 ex
734 1240 840 1300 scindio
862 1258 913 1298 seu
928 1238 1002 1318 pileo
1017 1239 1098 1315 quasi
1116 1238 1231 1299 reticula
1249 1258 1300 1299 seu
1314 1240 1348 1297 fu

249 1327 374 1400 uiculos3
396 1346 486 1405 quos,
505 1326 530 1383 si
545 1324 640 1403 lubet,
661 1325 748 1384 oculis
762 1326 900 1405 inspicere
920 1326 1028 1403 poteris
1040 1324 1071 1382 iu
1085 1324 1174 1383 tribus
1190 1324 1360 1401 imaginibus

253 1414 455 1491 imperatorum
462 1406 476 1488 ‚'
494 1428 567 1486 quae
586 1411 715 1470 visuntur
735 1411 817 1470 initio
842 1408 996 1489 Nicephori
1017 1409 1162 1486 Gregorae
1182 1429 1216 1468 ex
1236 1409 1360 1468 editione

251 1497 408 1557 Basileensi
421 1498 511 1563 1662.
527 1514 586 1554 nou
598 1495 730 1555 absimilis
744 1502 789 1556 est
807 1496 933 1575 effigies,
954 1513 1039 1570 quem
1054 1494 1136 1554 uobis
1153 1493 1360 1571 Turcograecia

252 1586 456 1661 repraesentat
483 1575 788 1662 ,xpueouluflupuue'm
817 1579 1033 1663 σνρμαεὲϊνον,
1059 1584 1094 1639 ut
1119 1598 1178 1641 non
1203 1580 1361 1639 referantur

254 1688 319 1727 cum
329 1666 409 1727 lunio
419 1664 458 1725 ad
472 1664 600 1725 voculam
610 1659 761 1749 ὀνόματα,
781 1668 833 1726 sed
847 1668 886 1726 ad
904 1667 998 1747 ipsum
1012 1664 1147 1725 seiedion.

325 1789 390 1843 illd.
425 1783 516 1856 σύρειν
532 1787 569 1841 nil
584 1788 666 1842 mnus
682 1805 759 1859 quem
773 1788 840 1857 pilei
854 1788 966 1843 reticulo
984 1804 1030 1843 reu
1053 1788 1184 1855 malou
1205 1786 1304 1852 reiert,
1330 1789 1361 1839 ut

255 1857 293 1913 eb
308 1874 340 1911 eo
358 1857 439 1928 pileus
454 1856 513 1925 ipre
530 1864 651 1912 neumtur
668 1860 836 1927 stulticines
861 1858 957 1912 rectius
977 1873 1035 1911 curu
1052 1856 1166 1910 Graecia
1181 1856 1304 1909 hodierna
1317 1854 1361 1909 iu·

255 1925 440 1998 terpretuberis
457 1944 552 1981 aarum
569 1928 680 1996 ductile,
699 1944 812 1997 numm,
829 1926 946 1998 iuquam,
961 1925 992 1979 ἰν
1002 1927 1059 1995 filu
1074 1926 1160 1979 solide
1177 1932 1306 1995 tractum,
1330 1940 1362 1979 or

256 1999 341 2061 uruit,
357 1998 395 2064 fil
411 1996 479 2050 d'er.
515 1994 622 2050 solidum
638 1996 706 2061 dixi,
728 1998 778 2050 lroc
800 2002 841 2052 est
868 1996 980 2049 nondum
997 1994 1070 2048 melis
1093 2001 1193 2062 turum,
1218 1994 1362 2061 exindeque

255 2067 341 2123 eeriee
356 2066 402 2118 file
420 2064 638 2147 superinductum.
654 2062 858 2135 ·euopure'tuou
874 2066 963 2135 itaque
979 2080 1044 2135 opus
1062 2063 1209 2117 estauroiu
1221 2064 1267 2115 file
1277 2062 1361 2117 selide

256 2135 335 2189 ducto
352 2140 520 2203 compositum
535 2134 579 2187 rel
595 2133 706 2205 pictum,
730 2135 809 2207 quale
830 2135 956 2207 despotee
972 2150 1063 2188 numen
1079 2132 1178 2188 ineius
1195 2132 1264 2204 pileo
1279 2132 1362 2205 pluy-

257 2203 363 2273 gieuice
379 2218 454 2257 menn
469 2202 622 2262 delineatur.

341 2315 407 2376 ibid.
448 2313 563 2394 τνσεῖα]
590 2316 632 2375 ita
655 2314 726 2394 legit
750 2315 864 2395 Iunius,
885 2322 915 2377 et
938 2321 1039 2399 apicem
1061 2317 1281 2399 iuterpretatur,
1304 2333 1363 2393 quo

254 2399 370 2461 nomine
395 2399 529 2476 intelligit
549 2404 706 2479 mperr'oren
727 2402 829 2462 scindit
848 2408 969 2482 perime,
989 2406 1020 2464 e'n
1047 2423 1140 2464 cenum
1173 2408 1364 2481 msurgertem,

254 2485 453 2567 fastigiatam
479 2484 650 2560 deducitque
670 2485 798 2545 recidam
816 2493 936 2564 ucesiu,
960 2483 1097 2569 needed
1117 2487 1242 2565 selueru,
1267 2508 1287 2547 a
1304 2494 1366 2565 ἐνῆς

258 2569 353 2631 derdo.
373 2569 405 2629 iu
421 2568 510 2629 eltero
520 2570 615 2629 codice
624 2570 759 2631 Berenice
772 2571 875 2650 legitur
891 2573 1051 2633 disiunctim
1061 2569 1098 2636 rol
1115 2578 1195 2652 σεῖα,
1215 2574 1247 2632 iu
1262 2577 1365 2632 neutm

257 2673 378 2735 genere3
398 2662 429 2714 et
442 2655 484 2714 ita
494 2655 647 2733 legendum
655 2661 727 2735 puto
752 2654 785 2737 1)
800 2656 867 2734 quia
881 2657 1013 2719 subditur
1031 2659 1061 2717 in
1074 2665 1175 2719 neutro
1189 2678 1307 2737 genere,
1326 2652 1364 2719 τὰ

259 2747 327 2808 esic
342 2734 394 2803 oio
408 2737 508 2804 uelud
521 2736 669 2823 βασιλικά.
689 2746 720 2801 et
736 2742 824 2801 iufra:
846 2740 866 2807 d
880 2738 940 2825 u'oip
960 2738 1164 2820 scircitula,
1186 2738 1237 2808 oin
1255 2741 1309 2806 acl
1327 2737 1365 2805 uei

259 2829 317 2888 sori
328 2819 486 2891 δεσπότου.
507 2828 620 2905 signum
633 2846 702 2905 ergo
714 2832 799 2887 estet
808 2827 840 2887 id
853 2830 931 2905 quod
944 2829 1086 2889 antecedit
1091 2870 1106 2907 o
1122 2848 1224 2910 nempe
1237 2822 1274 2890 cci
1290 2836 1365 2903 σεῐα,

258 2912 386 2970 neutrius
404 2912 514 2989 gennis
533 2931 604 2972 esse.
635 2910 671 2991 2)
685 2913 752 2988 quie
764 2908 802 2975 od
824 2918 890 2975 σεῖα
903 2912 1008 2975 quiia
1023 2914 1112 2977 τείνω
1133 2935 1185 2994 pro
1202 2914 1365 2973 extensione

258 3014 364 3075 genere
375 2996 508 3057 feminino
523 3016 638 3076 prorsus
652 2999 752 3075 ignota
764 3003 795 3058 et
807 2998 941 3060 inusitata
953 3004 1007 3059 est.
1028 3000 1098 3078 quid
1111 3000 1150 3058 sit
1162 2993 1258 3073 τάσις,
1268 3018 1366 3058 omues

261 3086 384 3141 nonunt:
405 3083 476 3160 quid
493 3088 614 3158 τασεῖα,
636 3102 688 3163 per
700 3081 812 3143 Iunium
825 3102 908 3145 nemo
930 3087 1025 3160 novit3
1048 3085 1162 3145 tametsi
1182 3086 1304 3163 ingenue
1323 3085 1367 3142 fa·

262 3172 327 3226 teor
342 3185 387 3226 me
402 3173 576 3245 compertum
588 3167 760 3227 nonhabere
777 3168 846 3244 quid
863 3165 900 3231 rei
920 3176 985 3233 criu
998 3171 1164 3248 significent
1185 3170 1315 3247 quocirca
1335 3169 1367 3227 iu

262 3252 391 3311 versione
404 3251 542 3309 Graecam
556 3252 706 3313 dictionem
718 3254 836 3331 retinui,
855 3254 946 3315 donec
958 3256 1009 3315 viri
1023 3256 1100 3315 docti
1113 3255 1157 3315 vel
1170 3274 1265 3317 veram
1278 3254 1367 3333 signi-

264 3335 407 3397 ficantiam
417 3342 518 3396 eruam
532 3336 577 3396 vel
587 3338 699 3398 Codice
714 3358 810 3399 veram
821 3339 969 3400 lectionem
978 3342 1139 3401 restituant

334 3459 400 3513 idid.
432 3459 599 3529 promerebor
612 3459 675 3514 milri
692 3461 847 3515 Gretseruru
863 3461 951 3516 Alletii
967 3479 1060 3531 conen
1077 3469 1104 3517 et
1118 3480 1207 3519 rerem
1219 3464 1275 3518 τῶν
1286 3460 1368 3517 σείων

265 3527 465 3598 significantium
481 3544 578 3583 eruere.
611 3533 673 3582 σεῖα
689 3538 750 3583 runt
763 3532 835 3600 longi
851 3531 925 3585 unius
940 3534 998 3585 fere
1014 3531 1091 3602 peiuri
1106 3534 1299 3603 margaritarum
1312 3541 1369 3587 tre-

266 3608 340 3666 utus,
362 3597 431 3651 circe
449 3596 573 3669 deupctee
589 3614 665 3651 auree
682 3616 698 3651 e
714 3598 783 3669 pileo
806 3600 918 3671 penduli.
952 3600 989 3655 sic
1006 3601 1062 3656 lore
1078 3620 1094 3655 e
1110 3602 1258 3671 pontificum
1275 3602 1367 3670 mitris,

265 3670 342 3723 funes
356 3666 486 3721 reticuisti
504 3683 519 3720 e
536 3666 699 3721 cerdiuuliuur
714 3667 805 3739 pileis,
829 3669 932 3723 inaures
953 3670 1026 3741 ipsae
1048 3689 1081 3725 ex
1103 3672 1209 3726 curibus
1224 3672 1368 3755 pendentes

264 3739 328 3791 eric
351 3739 426 3801 eunt,
449 3736 572 3802 modiin,
597 3738 712 3792 tremule
739 3738 906 3809 pendulaque
929 3748 1096 3809 anunente,
1123 3735 1182 3794 tol
1206 3759 1258 3795 reu
1274 3740 1367 3794 σείειν.

266 3805 356 3859 eedem
372 3805 399 3858 iu
416 3805 581 3877 putrierclree
597 3806 665 3879 pileo
681 3806 874 3877 Tureegreecie
896 3816 1027 3881 nuncupet
1047 3806 1285 3882 ναμηλανκόλαβα
1302 3808 1370 3881 pilei

265 3874 407 3930 nondun
422 3876 466 3931 uel
482 3893 571 3931 uacca

351 3982 388 4043 il.
404 3999 431 4041 v.
444 3986 474 4049 9.
488 3974 604 4063 εόμβος
616 3987 662 4043 est
674 3981 768 4047 nodus.
782 3984 968 4065 compositum
981 3978 1153 4066 ἕπεκόμβια,
1167 3984 1203 4044 de
1216 4002 1274 4059 quo
1286 3983 1369 4060 infra,

265 4071 335 4128 eunt
343 4072 491 4144 segmenta
500 4068 597 4147 penui,
610 4068 711 4144 quibus
720 4069 825 4129 involvi
836 4071 930 4131 solent
938 4072 1045 4131 nummi
1057 4072 1134 4131 eurei
1147 4070 1272 4148 argentei
1286 4069 1370 4145 aerei,

266 4169 342 4229 quae
361 4154 447 4214 etiam
467 4150 573 4235 κὸμβοι
596 4154 784 4234 appellantur.
811 4154 876 4216 hinc
895 4153 1100 4239 κομβολύεης,
1122 4150 1370 4237 βνλνννεοεόμος.

268 4244 422 4317 usurpetur
438 4257 553 4317 quoque
571 4234 688 4319 κόμπος
711 4259 764 4319 pro
792 4236 918 4323 νόμβος.
946 4242 1073 4319 quemvis
1091 4238 1207 4323 eriperer
1230 4239 1371 4300 interdum

266 4322 344 4388 idem
352 4330 399 4387 est
411 4326 489 4407 qued
502 4324 654 4388 enardus.
695 4324 848 4395 Meuriciue
860 4328 939 4411 apud
954 4326 1125 4411 rigatum:
1147 4320 1242 4393 aelo'u
1260 4324 1294 4392 et
1309 4322 1372 4391 ἐστι
